@ARTICLE{2018AJ....156...58B,
       author = {{Bailer-Jones}, C.~A.~L. and {Rybizki}, J. and {Fouesneau}, M. and {Mantelet}, G. and {Andrae}, R.},
        title = "{Estimating Distance from Parallaxes. IV. Distances to 1.33 Billion Stars in Gaia Data Release 2}",
      journal = {\aj},
     keywords = {catalogs, Galaxy: structure, methods: statistical, stars: distances, Astrophysics - Solar and Stellar Astrophysics, Astrophysics - Astrophysics of Galaxies, Astrophysics - Instrumentation and Methods for Astrophysics},
         year = 2018,
        month = aug,
       volume = {156},
       number = {2},
          eid = {58},
        pages = {58},
          doi = {10.3847/1538-3881/aacb21},
archivePrefix = {arXiv},
       eprint = {1804.10121},
 primaryClass = {astro-ph.SR},
       adsurl = {https://ui.adsabs.harvard.edu/abs/2018AJ....156...58B},
      adsnote = {Provided by the SAO/NASA Astrophysics Data System}
}



@ARTICLE{Nordlander2017,
       author = {{Nordlander}, T. and {Amarsi}, A.~M. and {Lind}, K. and {Asplund}, M. and {Barklem}, P.~S. and {Casey}, A.~R. and {Collet}, R. and {Leenaarts}, J.},
        title = "{3D NLTE analysis of the most iron-deficient star, SMSS0313-6708}",
      journal = {\aap},
     keywords = {radiative transfer, stars: abundances, stars: Population III, techniques: spectroscopic, supernovae: general, stars: individual: SMSS J031300.36, Astrophysics - Solar and Stellar Astrophysics},
         year = 2017,
        month = jan,
       volume = {597},
          eid = {A6},
        pages = {A6},
          doi = {10.1051/0004-6361/201629202},
archivePrefix = {arXiv},
       eprint = {1609.07416},
 primaryClass = {astro-ph.SR},
       adsurl = {https://ui.adsabs.harvard.edu/abs/2017A&A...597A...6N},
      adsnote = {Provided by the SAO/NASA Astrophysics Data System}
}

@ARTICLE{Cordoni2021,
       author = {{Cordoni}, G. and {Da Costa}, G.~S. and {Yong}, D. and {Mackey}, A.~D. and {Marino}, A.~F. and {Monty}, S. and {Nordlander}, T. and {Norris}, J.~E. and {Asplund}, M. and {Bessell}, M.~S. and {Casey}, A.~R. and {Frebel}, A. and {Lind}, K. and {Murphy}, S.~J. and {Schmidt}, B.~P. and {Gao}, X.~D. and {Xylakis-Dornbusch}, T. and {Amarsi}, A.~M. and {Milone}, A.~P.},
        title = "{Exploring the Galaxy's halo and very metal-weak thick disc with SkyMapper and Gaia DR2}",
      journal = {\mnras},
     keywords = {stars: kinematics and dynamics, Galaxy: disc, Galaxy: formation, Galaxy: halo, Galaxy: kinematics and dynamics, Galaxy: structure, Astrophysics - Astrophysics of Galaxies, Astrophysics - Solar and Stellar Astrophysics},
         year = 2021,
        month = may,
       volume = {503},
       number = {2},
        pages = {2539-2561},
          doi = {10.1093/mnras/staa3417},
archivePrefix = {arXiv},
       eprint = {2011.01189},
 primaryClass = {astro-ph.GA},
       adsurl = {https://ui.adsabs.harvard.edu/abs/2021MNRAS.503.2539C},
      adsnote = {Provided by the SAO/NASA Astrophysics Data System}
}

@ARTICLE{Sestito2019,
       author = {{Sestito}, Federico and {Longeard}, Nicolas and {Martin}, Nicolas F. and {Starkenburg}, Else and {Fouesneau}, Morgan and {Gonz{\'a}lez Hern{\'a}ndez}, Jonay I. and {Arentsen}, Anke and {Ibata}, Rodrigo and {Aguado}, David S. and {Carlberg}, Raymond G. and {Jablonka}, Pascale and {Navarro}, Julio F. and {Tolstoy}, Eline and {Venn}, Kim A.},
        title = "{Tracing the formation of the Milky Way through ultra metal-poor stars}",
      journal = {\mnras},
     keywords = {stars: distances, Galaxy: abundances, Galaxy: disc, Galaxy: evolution, Galaxy: formation, Galaxy: halo, Astrophysics - Astrophysics of Galaxies, Astrophysics - Solar and Stellar Astrophysics},
         year = 2019,
        month = apr,
       volume = {484},
       number = {2},
        pages = {2166-2180},
          doi = {10.1093/mnras/stz043},
archivePrefix = {arXiv},
       eprint = {1811.03099},
 primaryClass = {astro-ph.GA},
       adsurl = {https://ui.adsabs.harvard.edu/abs/2019MNRAS.484.2166S},
      adsnote = {Provided by the SAO/NASA Astrophysics Data System}
}

@ARTICLE{Sestito2020,
       author = {{Sestito}, Federico and {Martin}, Nicolas F. and {Starkenburg}, Else and {Arentsen}, Anke and {Ibata}, Rodrigo A. and {Longeard}, Nicolas and {Kielty}, Collin and {Youakim}, Kristopher and {Venn}, Kim A. and {Aguado}, David S. and {Carlberg}, Raymond G. and {Gonz{\'a}lez Hern{\'a}ndez}, Jonay I. and {Hill}, Vanessa and {Jablonka}, Pascale and {Kordopatis}, Georges and {Malhan}, Khyati and {Navarro}, Julio F. and {S{\'a}nchez-Janssen}, Rub{\'e}n and {Thomas}, Guillame and {Tolstoy}, Eline and {Wilson}, Thomas G. and {Palicio}, Pedro A. and {Bialek}, Spencer and {Garcia-Dias}, Rafael and {Lucchesi}, Romain and {North}, Pierre and {Osorio}, Yeisson and {Patrick}, Lee R. and {Peralta de Arriba}, Luis},
        title = "{The Pristine survey - X. A large population of low-metallicity stars permeates the Galactic disc}",
      journal = {\mnras},
     keywords = {Galaxy: kinematics and dynamics, Galaxy: evolution, Galaxy: abundances, Galaxy: disc, Galaxy: halo, Galaxy: formation, Astrophysics - Astrophysics of Galaxies, Astrophysics - Solar and Stellar Astrophysics},
         year = 2020,
        month = sep,
       volume = {497},
       number = {1},
        pages = {L7-L12},
          doi = {10.1093/mnrasl/slaa022},
archivePrefix = {arXiv},
       eprint = {1911.08491},
 primaryClass = {astro-ph.GA},
       adsurl = {https://ui.adsabs.harvard.edu/abs/2020MNRAS.497L...7S},
      adsnote = {Provided by the SAO/NASA Astrophysics Data System}
}
@ARTICLE{DaCosta2019,
       author = {{Da Costa}, G.~S. and {Bessell}, M.~S. and {Mackey}, A.~D. and {Nordlander}, T. and {Asplund}, M. and {Casey}, A.~R. and {Frebel}, A. and {Lind}, K. and {Marino}, A.~F. and {Murphy}, S.~J. and {Norris}, J.~E. and {Schmidt}, B.~P. and {Yong}, D.},
        title = "{The SkyMapper DR1.1 search for extremely metal-poor stars}",
      journal = {\mnras},
     keywords = {stars: abundances, stars: Population II, Galaxy: halo, Galaxy: stellar content, Astrophysics - Solar and Stellar Astrophysics, Astrophysics - Astrophysics of Galaxies},
         year = 2019,
        month = nov,
       volume = {489},
       number = {4},
        pages = {5900-5918},
          doi = {10.1093/mnras/stz2550},
archivePrefix = {arXiv},
       eprint = {1909.06227},
 primaryClass = {astro-ph.SR},
       adsurl = {https://ui.adsabs.harvard.edu/abs/2019MNRAS.489.5900D},
      adsnote = {Provided by the SAO/NASA Astrophysics Data System}
}


@ARTICLE{hawkins2021,
       author = {{Hawkins}, Keith and {Zeimann}, Greg and {Sneden}, Chris and {Cooper}, Erin Mentuch and {Gebhardt}, Karl and {Bond}, Howard E. and {Carrillo}, Andreia and {Casey}, Caitlin M. and {Castanheira}, Barbara G. and {Ciardullo}, Robin and {Davis}, Dustin and {Farrow}, Daniel J. and {Finkelstein}, Steven L. and {Hill}, Gary J. and {Kelz}, Andreas and {Liu}, Chenxu and {Shetrone}, Matthew and {Schneider}, Donald P. and {Starkenburg}, Else and {Steinmetz}, Matthias and {Wheeler}, J. Craig and {Hetdex Collaboration}},
        title = "{The Stars of the HETDEX Survey. I. Radial Velocities and Metal-poor Stars from Low-resolution Stellar Spectra}",
      journal = {\apj},
     keywords = {Stellar types, Catalogs, Surveys, 1634, 205, 1671, Astrophysics - Astrophysics of Galaxies, Astrophysics - Solar and Stellar Astrophysics},
         year = 2021,
        month = apr,
       volume = {911},
       number = {2},
          eid = {108},
        pages = {108},
          doi = {10.3847/1538-4357/abe9bd},
archivePrefix = {arXiv},
       eprint = {2102.06224},
 primaryClass = {astro-ph.GA},
       adsurl = {https://ui.adsabs.harvard.edu/abs/2021ApJ...911..108H},
      adsnote = {Provided by the SAO/NASA Astrophysics Data System}
}









@ARTICLE{2014ApJ...797...21P,
       author = {{Placco}, Vinicius M. and {Frebel}, Anna and {Beers}, Timothy C. and {Stancliffe}, Richard J.},
        title = "{Carbon-enhanced Metal-poor Star Frequencies in the Galaxy: Corrections for the Effect of Evolutionary Status on Carbon Abundances}",
      journal = {\apj},
     keywords = {Galaxy: halo, stars: abundances, stars: atmospheres, stars: Population II, Astrophysics - Solar and Stellar Astrophysics},
         year = 2014,
        month = dec,
       volume = {797},
       number = {1},
          eid = {21},
        pages = {21},
          doi = {10.1088/0004-637X/797/1/21},
archivePrefix = {arXiv},
       eprint = {1410.2223},
 primaryClass = {astro-ph.SR},
       adsurl = {https://ui.adsabs.harvard.edu/abs/2014ApJ...797...21P},
      adsnote = {Provided by the SAO/NASA Astrophysics Data System}
}


@ARTICLE{2019PASA...36...33O,
       author = {{Onken}, Christopher A. and {Wolf}, Christian and {Bessell}, Michael S. and {Chang}, Seo-Won and {Da Costa}, Gary S. and {Luvaul}, Lance C. and {Mackey}, Dougal and {Schmidt}, Brian P. and {Shao}, Li},
        title = "{SkyMapper Southern Survey: Second data release (DR2)}",
      journal = {\pasa},
     keywords = {catalogues, methods: observational, surveys, Astrophysics - Instrumentation and Methods for Astrophysics, Astrophysics - Astrophysics of Galaxies, Astrophysics - Solar and Stellar Astrophysics},
         year = 2019,
        month = aug,
       volume = {36},
          eid = {e033},
        pages = {e033},
          doi = {10.1017/pasa.2019.27},
archivePrefix = {arXiv},
       eprint = {2008.10359},
 primaryClass = {astro-ph.IM},
       adsurl = {https://ui.adsabs.harvard.edu/abs/2019PASA...36...33O},
      adsnote = {Provided by the SAO/NASA Astrophysics Data System}
}





@article{Da_Costa_2019,
   title={The SkyMapper DR1.1 search for extremely metal-poor stars},
   volume={489},
   ISSN={1365-2966},
   url={http://dx.doi.org/10.1093/mnras/stz2550},
   DOI={10.1093/mnras/stz2550},
   number={4},
   journal={Monthly Notices of the Royal Astronomical Society},
   publisher={Oxford University Press (OUP)},
   author={Da Costa, G S and Bessell, M S and Mackey, A D and Nordlander, T and Asplund, M and Casey, A R and Frebel, A and Lind, K and Marino, A F and Murphy, S J and et al.},
   year={2019},
   month={Sep},
   pages={5900–5918}
}

@ARTICLE{Beers2005,
       author = {{Beers}, Timothy C. and {Christlieb}, Norbert},
        title = "{The Discovery and Analysis of Very Metal-Poor Stars in the Galaxy}",
      journal = {\araa},
         year = 2005,
        month = sep,
       volume = {43},
       number = {1},
        pages = {531-580},
          doi = {10.1146/annurev.astro.42.053102.134057},
       adsurl = {https://ui.adsabs.harvard.edu/abs/2005ARA&A..43..531B},
      adsnote = {Provided by the SAO/NASA Astrophysics Data System}
}

@ARTICLE{Frebel2015,
       author = {{Frebel}, Anna and {Norris}, John E.},
        title = "{Near-Field Cosmology with Extremely Metal-Poor Stars}",
      journal = {\araa},
     keywords = {Astrophysics - Solar and Stellar Astrophysics, Astrophysics - Astrophysics of Galaxies},
         year = 2015,
        month = aug,
       volume = {53},
        pages = {631-688},
          doi = {10.1146/annurev-astro-082214-122423},
archivePrefix = {arXiv},
       eprint = {1501.06921},
 primaryClass = {astro-ph.SR},
       adsurl = {https://ui.adsabs.harvard.edu/abs/2015ARA&A..53..631F},
      adsnote = {Provided by the SAO/NASA Astrophysics Data System}
}

@ARTICLE{Yong2013,
       author = {{Yong}, David and {Norris}, John E. and {Bessell}, M.~S. and {Christlieb}, N. and {Asplund}, M. and {Beers}, Timothy C. and {Barklem}, P.~S. and {Frebel}, Anna and {Ryan}, S.~G.},
        title = "{The Most Metal-poor Stars. II. Chemical Abundances of 190 Metal-poor Stars Including 10 New Stars with [Fe/H] <= -3.5}",
      journal = {\apj},
     keywords = {early universe, Galaxy: formation, Galaxy: halo, nuclear reactions, nucleosynthesis, abundances, stars: abundances, Astrophysics - Astrophysics of Galaxies},
         year = 2013,
        month = jan,
       volume = {762},
       number = {1},
          eid = {26},
        pages = {26},
          doi = {10.1088/0004-637X/762/1/26},
archivePrefix = {arXiv},
       eprint = {1208.3003},
 primaryClass = {astro-ph.GA},
       adsurl = {https://ui.adsabs.harvard.edu/abs/2013ApJ...762...26Y},
      adsnote = {Provided by the SAO/NASA Astrophysics Data System}
}
@ARTICLE{2013AJ....146..132L,
       author = {{Lee}, Young Sun and {Beers}, Timothy C. and {Masseron}, Thomas and {Plez}, Bertrand and {Rockosi}, Constance M. and {Sobeck}, Jennifer and {Yanny}, Brian and {Lucatello}, Sara and {Sivarani}, Thirupathi and {Placco}, Vinicius M. and {Carollo}, Daniela},
        title = "{Carbon-enhanced Metal-poor Stars in SDSS/SEGUE. I. Carbon Abundance Estimation and Frequency of CEMP Stars}",
      journal = {\aj},
     keywords = {methods: data analysis, stars: abundances, stars: fundamental parameters, surveys, techniques: imaging spectroscopy, Astrophysics - Solar and Stellar Astrophysics},
         year = 2013,
        month = nov,
       volume = {146},
       number = {5},
          eid = {132},
        pages = {132},
          doi = {10.1088/0004-6256/146/5/132},
archivePrefix = {arXiv},
       eprint = {1310.3276},
 primaryClass = {astro-ph.SR},
       adsurl = {https://ui.adsabs.harvard.edu/abs/2013AJ....146..132L},
      adsnote = {Provided by the SAO/NASA Astrophysics Data System}
}

@misc{hughes2017,
 address = {Sydney, Australia},
booktitle = {Needles in a haystack: advanced statistical techniques and large stellar spectroscopic datasets},
keywords = {Astronomical spectroscopy},
language = {eng},
url = { http://hdl.handle.net/1959.14/1284747},
publisher = {Macquarie University},
title = {Needles in a haystack: advanced statistical techniques and large stellar spectroscopic datasets },
year = {2017},
abstract = {With the development of advanced astronomical instruments, many survey teams are producing datasets that are too large for traditional analysis. Thanks to recent improvements in computing and statistical methods, it is now possible to extract information more efficiently. In this thesis, data from the GALactic Archaeology with HERMES spectroscopic survey (GALAH), is used to show how machine learning methods can identify rare but interesting stars. This thesis tests a new methodology that employs the t-SNE dimensionality reduction technique with the clustering method, HDBSCAN, and a new tool developed by the researcher, the t-SNE Visualiser. This method was applied to ∼ 200,000 stars in the GALAH dataset with the aim of detecting extremely metal-poor stars and Solar twins. Applying this approach lead to the discovery of 66 possible extremely metal-poor stars and 20 Solar twin candidates. A verification of the success of the new methodology is also presented -- abstract.},
author = {Hughes, Arvind},
}


@misc{kollmeier2017sdssv,
      title={SDSS-V: Pioneering Panoptic Spectroscopy}, 
      author={Juna A. Kollmeier and Gail Zasowski and Hans-Walter Rix and Matt Johns and Scott F. Anderson and Niv Drory and Jennifer A. Johnson and Richard W. Pogge and Jonathan C. Bird and Guillermo A. Blanc and Joel R. Brownstein and Jeffrey D. Crane and Nathan M. De Lee and Mark A. Klaene and Kathryn Kreckel and Nick MacDonald and Andrea Merloni and Melissa K. Ness and Thomas O'Brien and Jose R. Sanchez-Gallego and Conor C. Sayres and Yue Shen and Ani R. Thakar and Andrew Tkachenko and Conny Aerts and Michael R. Blanton and Daniel J. Eisenstein and Jon A. Holtzman and Dan Maoz and Kirpal Nandra and Constance Rockosi and David H. Weinberg and Jo Bovy and Andrew R. Casey and Julio Chaname and Nicolas Clerc and Charlie Conroy and Michael Eracleous and Boris T. Gänsicke and Saskia Hekker and Keith Horne and Jens Kauffmann and Kristen B. W. McQuinn and Eric W. Pellegrini and Eva Schinnerer and Edward F. Schlafly and Axel D. Schwope and Mark Seibert and Johanna K. Teske and Jennifer L. van Saders},
      year={2017},
      eprint={1711.03234},
      archivePrefix={arXiv},
      primaryClass={astro-ph.GA}
}

@article{Jong20194MOSTPO,
  title={4MOST: Project overview and information for the First Call for Proposals},
  author={R. S. {de Jong} and O. Agertz and A. A. Berbel and J. Aird and D. Alexander and A. Amarsi and et al.},
  journal={The Messenger},
  year={2019},
  volume={175},
  pages={3-11}
}

@article{Dalton_2014,
   title={Project overview and update on WEAVE: the next generation wide-field spectroscopy facility for the William Herschel Telescope},
   url={http://dx.doi.org/10.1117/12.2055132},
   DOI={10.1117/12.2055132},
   journal={Ground-based and Airborne Instrumentation for Astronomy V},
   publisher={SPIE},
   author={Dalton, Gavin and Trager, Scott and et al.},
   editor={Ramsay, Suzanne K. and McLean, Ian S. and Takami, HidekiEditors},
   year={2014},
   month={Jul}
}


@article{Steinmetz_2020,
   title={The Sixth Data Release of the Radial Velocity Experiment (RAVE). I. Survey Description, Spectra, and Radial Velocities},
   volume={160},
   ISSN={1538-3881},
   url={http://dx.doi.org/10.3847/1538-3881/ab9ab9},
   DOI={10.3847/1538-3881/ab9ab9},
   number={2},
   journal={The Astronomical Journal},
   publisher={American Astronomical Society},
   author={Steinmetz, Matthias and Matijevič, Gal and Enke, Harry and Zwitter, Tomaž and Guiglion, Guillaume and McMillan, Paul J. and Kordopatis, Georges and Valentini, Marica and Chiappini, Cristina and Casagrande, Luca and et al.},
   year={2020},
   month={Jul},
   pages={82}
}

@article{SDSS-IV:2019,
    author = "Ahumada, Romina and others",
    collaboration = "SDSS-IV",
    title = "{The 16th Data Release of the Sloan Digital Sky Surveys: First Release from the APOGEE-2 Southern Survey and Full Release of eBOSS Spectra}",
    eprint = "1912.02905",
    archivePrefix = "arXiv",
    primaryClass = "astro-ph.GA",
    doi = "10.3847/1538-4365/ab929e",
    journal = "Astrophys. J. Suppl.",
    volume = "249",
    number = "1",
    pages = "3",
    year = "2020"
}

@ARTICLE{amarsi_2018,
       author = {{Amarsi}, A.~M. and {Nordlander}, T. and {Barklem}, P.~S. and {Asplund}, M. and {Collet}, R. and {Lind}, K.},
        title = "{Effective temperature determinations of late-type stars based on 3D non-LTE Balmer line formation}",
      journal = {\aap},
     keywords = {radiative transfer, line: formation, line: profiles, stars: atmospheres, stars: late-type, Astrophysics - Solar and Stellar Astrophysics},
         year = 2018,
        month = jul,
       volume = {615},
          eid = {A139},
        pages = {A139},
          doi = {10.1051/0004-6361/201732546},
archivePrefix = {arXiv},
       eprint = {1804.02305},
 primaryClass = {astro-ph.SR},
       adsurl = {https://ui.adsabs.harvard.edu/abs/2018A&A...615A.139A},
      adsnote = {Provided by the SAO/NASA Astrophysics Data System}
}


@ARTICLE{fioren_2007,
       author = {{Re Fiorentin}, P. and {Bailer-Jones}, C.~A.~L. and {Lee}, Y.~S. and {Beers}, T.~C. and {Sivarani}, T. and {Wilhelm}, R. and {Allende Prieto}, C. and {Norris}, J.~E.},
        title = "{Estimation of stellar atmospheric parameters from SDSS/SEGUE spectra}",
      journal = {\aap},
     keywords = {surveys, methods: data analysis, methods: statistical, stars: fundamental parameters, Astrophysics},
         year = 2007,
        month = jun,
       volume = {467},
       number = {3},
        pages = {1373-1387},
          doi = {10.1051/0004-6361:20077334},
archivePrefix = {arXiv},
       eprint = {astro-ph/0703309},
 primaryClass = {astro-ph},
       adsurl = {https://ui.adsabs.harvard.edu/abs/2007A&A...467.1373R},
      adsnote = {Provided by the SAO/NASA Astrophysics Data System}
}





@ARTICLE{yip_2004,
       author = {{Yip}, C.~W. and {Connolly}, A.~J. and {Vanden Berk}, D.~E. and {Ma}, Z. and {Frieman}, J.~A. and {SubbaRao}, M. and {Szalay}, A.~S. and {Richards}, G.~T. and {Hall}, P.~B. and {Schneider}, D.~P. and {Hopkins}, A.~M. and {Trump}, J. and {Brinkmann}, J.},
        title = "{Spectral Classification of Quasars in the Sloan Digital Sky Survey: Eigenspectra, Redshift, and Luminosity Effects}",
      journal = {\aj},
     keywords = {Methods: Statistical, Galaxies: Quasars: General, Surveys, Techniques: Spectroscopic, Astrophysics},
         year = 2004,
        month = dec,
       volume = {128},
       number = {6},
        pages = {2603-2630},
          doi = {10.1086/425626},
archivePrefix = {arXiv},
       eprint = {astro-ph/0408578},
 primaryClass = {astro-ph},
       adsurl = {https://ui.adsabs.harvard.edu/abs/2004AJ....128.2603Y},
      adsnote = {Provided by the SAO/NASA Astrophysics Data System}
}

@ARTICLE{connolly_1999,
       author = {{Connolly}, A.~J. and {Szalay}, A.~S.},
        title = "{A Robust Classification of Galaxy Spectra: Dealing with Noisy and Incomplete Data}",
      journal = {\aj},
     keywords = {GALAXIES: EVOLUTION, GALAXIES: STELLAR CONTENT, TECHNIQUES: SPECTROSCOPIC, Astrophysics},
         year = 1999,
        month = may,
       volume = {117},
       number = {5},
        pages = {2052-2062},
          doi = {10.1086/300839},
archivePrefix = {arXiv},
       eprint = {astro-ph/9901300},
 primaryClass = {astro-ph},
       adsurl = {https://ui.adsabs.harvard.edu/abs/1999AJ....117.2052C},
      adsnote = {Provided by the SAO/NASA Astrophysics Data System}
}

@ARTICLE{paris_2011,
       author = {{P{\^a}ris}, I. and {Petitjean}, P. and {Rollinde}, E. and {Aubourg}, E. and {Busca}, N. and {Charlassier}, R. and {Delubac}, T. and {Hamilton}, J. -Ch. and {Le Goff}, J. -M. and {Palanque-Delabrouille}, N. and {Peirani}, S. and {Pichon}, Ch. and {Rich}, J. and {Vargas-Maga{\~n}a}, M. and {Y{\`e}che}, Ch.},
        title = "{A principal component analysis of quasar UV spectra at z \raisebox{-0.5ex}\textasciitilde 3}",
      journal = {\aap},
     keywords = {methods: numerical, intergalactic medium, quasars: absorption lines, quasars: emission lines, Astrophysics - Cosmology and Nongalactic Astrophysics},
         year = 2011,
        month = jun,
       volume = {530},
          eid = {A50},
        pages = {A50},
          doi = {10.1051/0004-6361/201016233},
archivePrefix = {arXiv},
       eprint = {1104.2024},
 primaryClass = {astro-ph.CO},
       adsurl = {https://ui.adsabs.harvard.edu/abs/2011A&A...530A..50P},
      adsnote = {Provided by the SAO/NASA Astrophysics Data System}
}




@article{kos_galah_2017,
	title = {The {GALAH} survey: chemical tagging of star clusters and new members in the {Pleiades}},
	volume = {473},
	number = {4},
	journal = {Monthly Notices of the Royal Astronomical Society},
	author = {Kos, Janez and Bland-Hawthorn, Joss and Freeman, Ken and Buder, Sven and Traven, Gregor and De Silva, Gayandhi M and Sharma, Sanjib and Asplund, Martin and Duong, Ly and Lin, Jane and {others}},
	year = {2017},
	note = {Publisher: Oxford University Press},
	pages = {4612--4633},
}

@article{wattenberg_how_2016,
	title = {How to {Use} t-{SNE} {Effectively}},
	url = {http://distill.pub/2016/misread-tsne},
	doi = {10.23915/distill.00002},
	journal = {Distill},
	author = {Wattenberg, Martin and Viégas, Fernanda and Johnson, Ian},
	year = {2016},
}
@ARTICLE{Martell2017,
       author = {{Martell}, S.~L. and {Sharma}, S. and {Buder}, S. and {Duong}, L. and {Schlesinger}, K.~J. and {Simpson}, J. and {Lind}, K. and {Ness}, M. and {Marshall}, J.~P. and {Asplund}, M. and {Bland-Hawthorn}, J. and {Casey}, A.~R. and {De Silva}, G. and {Freeman}, K.~C. and {Kos}, J. and {Lin}, J. and {Zucker}, D.~B. and {Zwitter}, T. and {Anguiano}, B. and {Bacigalupo}, C. and {Carollo}, D. and {Casagrande}, L. and {Da Costa}, G.~S. and {Horner}, J. and {Huber}, D. and {Hyde}, E.~A. and {Kafle}, P.~R. and {Lewis}, G.~F. and {Nataf}, D. and {Navin}, C.~A. and {Stello}, D. and {Tinney}, C.~G. and {Watson}, F.~G. and {Wittenmyer}, R.},
        title = "{The GALAH survey: observational overview and Gaia DR1 companion}",
      journal = {\mnras},
     keywords = {stars: abundances, Galaxy: disc, Galaxy: evolution, Galaxy: formation, Galaxy: stellar content, Astrophysics - Instrumentation and Methods for Astrophysics, Astrophysics - Astrophysics of Galaxies, Astrophysics - Solar and Stellar Astrophysics},
         year = 2017,
        month = mar,
       volume = {465},
       number = {3},
        pages = {3203-3219},
          doi = {10.1093/mnras/stw2835},
archivePrefix = {arXiv},
       eprint = {1609.02822},
 primaryClass = {astro-ph.IM},
       adsurl = {https://ui.adsabs.harvard.edu/abs/2017MNRAS.465.3203M},
      adsnote = {Provided by the SAO/NASA Astrophysics Data System}
}


@article{JMLR:v9:vandermaaten08a,
  author  = {Laurens van der Maaten and Geoffrey Hinton},
  title   = {Visualizing Data using t-SNE},
  journal = {Journal of Machine Learning Research},
  year    = {2008},
  volume  = {9},
  number  = {86},
  pages   = {2579-2605},
  url     = {http://jmlr.org/papers/v9/vandermaaten08a.html}
}

@article{JMLR:v15:vandermaaten14a,
  author  = {Laurens van der Maaten},
  title   = {Accelerating t-SNE using Tree-Based Algorithms},
  journal = {Journal of Machine Learning Research},
  year    = {2014},
  volume  = {15},
  number  = {93},
  pages   = {3221-3245},
  url     = {http://jmlr.org/papers/v15/vandermaaten14a.html}
}

@article{maaten_visualizing_2008,
	title = {Visualizing data using t-{SNE}},
	volume = {9},
	url = {http://www.jmlr.org/papers/v9/vandermaaten08a.html},
	number = {Nov},
	urldate = {2017-03-27},
	journal = {Journal of Machine Learning Research},
	author = {Maaten, Laurens van der and Hinton, Geoffrey},
	year = {2008},
	pages = {2579--2605},
}

@article{martell_galah_2017,
	title = {The {GALAH} survey: observational overview and {Gaia} {DR1} companion},
	volume = {465},
	shorttitle = {The {GALAH} survey},
	url = {http://mnras.oxfordjournals.org/content/465/3/3203.short},
	number = {3},
	urldate = {2017-03-20},
	journal = {Monthly Notices of the Royal Astronomical Society},
	author = {Martell, S. L. and Sharma, Sanjib and Buder, Sven and Duong, Ly and Schlesinger, K. J. and Simpson, Jeffrey and Lind, Karin and Ness, Melissa and Marshall, J. P. and Asplund, Martin and {others}},
	year = {2017},
	pages = {3203--3219},
}

@article{traven_galah_2017,
	title = {The {Galah} {Survey}: {Classification} and diagnostics with t-{SNE} reduction of spectral information},
	shorttitle = {The {Galah} {Survey}},
	url = {https://arxiv.org/abs/1612.02242},
	urldate = {2017-01-04},
	journal = {arXiv preprint arXiv:1612.02242},
	author = {Traven, G. and Matijevič, G. and Kos, J. and Asplund, M. and Bland-Hawthorn, J. and Casey, A. R. and De Silva, G. and Freeman, K. and Lin, J. and Martell, S. L. and {others}},
	year = {2017},
}

@article{tumlinson_chemical_2010,
	title = {Chemical {Evolution} in {Hierarchical} {Models} of {Cosmic} {Structure} {II}: {The} {Formation} of the {Milky} {Way} {Stellar} {Halo} and the {Distribution} of the {Oldest} {Stars}},
	volume = {708},
	issn = {0004-637X, 1538-4357},
	shorttitle = {Chemical {Evolution} in {Hierarchical} {Models} of {Cosmic} {Structure} {II}},
	url = {http://arxiv.org/abs/0911.1786},
	doi = {10.1088/0004-637X/708/2/1398},
	abstract = {This paper presents theoretical star formation and chemical enrichment histories for the stellar halo of the Milky Way based on new chemodynamical modeling. The goal of this study is to assess the extent to which metal-poor stars in the halo reflect the star formation conditions that occurred in halo progenitor galaxies at high redshift, before and during the epoch of reionization. Simple prescriptions that translate dark-matter halo mass into baryonic gas budgets and star formation histories yield models that resemble the observed Milky Way halo in its total stellar mass, metallicity distribution, and the luminosity function and chemical enrichment of dwarf satellite galaxies. These model halos in turn allow an exploration of how the populations of interest for probing the epoch of reionization are distributed in physical and phase space, and of how they are related to lower-redshift populations of the same metallicity. The fraction of stars dating from before a particular time or redshift depends strongly on radius within the galaxy, reflecting the "inside-out" growth of cold-dark-matter halos, and on metallicity, reflecting the general trend toward higher metallicity at later times. These results suggest that efforts to discover stars from z {\textbackslash}textgreater 6 - 10 should select for stars with [Fe/H] {\textbackslash}textless{\textbackslash}textasciitilde -3 and favor stars on more tightly bound orbits in the stellar halo, where the majority are from z {\textbackslash}textgreater 10 and 15 - 40\% are from z {\textbackslash}textgreater 15. The oldest, most metal-poor stars - those most likely to reveal the chemical abundances of the first stars - are most common in the very center of the Galaxy's halo: they are in the bulge, but not of the bulge. These models have several implications for the larger project of constraining the properties of the first stars and galaxies using data from the local Universe.},
	number = {2},
	urldate = {2017-10-07},
	journal = {The Astrophysical Journal},
	author = {Tumlinson, Jason},
	month = jan,
	year = {2010},
	keywords = {Astrophysics - Astrophysics of Galaxies, Astrophysics - Cosmology and Nongalactic Astrophysics},
	pages = {1398--1418},
	annote = {arXiv: 0911.1786},
	annote = {arXiv: 0911.1786},
}

@article{an_stellar_2013,
	title = {The {Stellar} {Metallicity} {Distribution} {Function} of the {Galactic} {Halo} from {SDSS} {Photometry}},
	volume = {763},
	issn = {0004-637X, 1538-4357},
	url = {http://arxiv.org/abs/1211.7073},
	doi = {10.1088/0004-637X/763/1/65},
	abstract = {We explore the stellar metallicity distribution function of the Galactic halo based on SDSS ugriz photometry. A set of stellar isochrones is calibrated using observations of several star clusters and validated by comparisons with medium-resolution spectroscopic values over a wide range of metal abundance. We estimate distances and metallicities for individual main-sequence stars in the multiply scanned SDSS Stripe 82, at heliocentric distances in the range 5 - 8 kpc and {\textbackslash}textbarb{\textbackslash}textbar {\textbackslash}textgreater 35 deg, and find that the in situ photometric metallicity distribution has a shape that matches that of the kinematically-selected local halo stars from Ryan \& Norris. We also examine independent kinematic information from proper-motion measurements for high Galactic latitude stars in our sample. We find that stars with retrograde rotation in the rest frame of the Galaxy are generally more metal poor than those exhibiting prograde rotation, which is consistent with earlier arguments by Carollo et al. that the halo system comprises at least two spatially overlapping components with differing metallicity, kinematics, and spatial distributions. The observed photometric metallicity distribution and that of Ryan \& Norris can be described by a simple chemical evolution model by Hartwick (or by a single Gaussian distribution); however, the suggestive metallicity-kinematic correlation contradicts the basic assumption in this model that the Milky Way halo consists primarily of a single stellar population. When the observed metallicity distribution is deconvolved using two Gaussian components with peaks at [Fe/H] {\textbackslash}textasciitilde -1.7 and -2.3, the metal-poor component accounts for {\textbackslash}textasciitilde20\% - 35\% of the entire halo population in this distance range.},
	number = {1},
	urldate = {2017-10-08},
	journal = {The Astrophysical Journal},
	author = {An, Deokkeun and Beers, Timothy C. and Johnson, Jennifer A. and Pinsonneault, Marc H. and Lee, Young Sun and Bovy, Jo and Ivezić, Željko and Carollo, Daniela and Newby, Matthew},
	month = jan,
	year = {2013},
	keywords = {Astrophysics - Astrophysics of Galaxies},
	pages = {65},
	annote = {arXiv: 1211.7073},
	annote = {arXiv: 1211.7073},
	annote = {Comment: Accepted for publication in ApJ},
	annote = {Comment: Accepted for publication in ApJ},
}

@article{de_silva_galah_2015,
	title = {The {GALAH} survey: scientific motivation},
	volume = {449},
	issn = {0035-8711},
	url = {https://doi.org/10.1093/mnras/stv327},
	doi = {10.1093/mnras/stv327},
	abstract = {The Galactic Archaeology with HERMES (GALAH) survey is a large high-resolution spectroscopic survey using the newly commissioned High Efficiency and Resolution Multi-Element Spectrograph (HERMES) on the Anglo-Australian Telescope. The HERMES spectrograph provides high-resolution (R ∼ 28 000) spectra in four passbands for 392 stars simultaneously over a 2 deg field of view. The goal of the survey is to unravel the formation and evolutionary history of the Milky Way, using fossil remnants of ancient star formation events which have been disrupted and are now dispersed throughout the Galaxy. Chemical tagging seeks to identify such dispersed remnants solely from their common and unique chemical signatures; these groups are unidentifiable from their spatial, photometric or kinematic properties. To carry out chemical tagging, the GALAH survey will acquire spectra for a million stars down to V ∼ 14. The HERMES spectra of FGK stars contain absorption lines from 29 elements including light proton-capture elements, α-elements, odd-Z elements, iron-peak elements and n-capture elements from the light and heavy s-process and the r-process. This paper describes the motivation and planned execution of the GALAH survey, and presents some results on the first-light performance of HERMES.},
	number = {3},
	journal = {Monthly Notices of the Royal Astronomical Society},
	author = {De Silva, G. M. and Freeman, K. C. and Bland-Hawthorn, J. and Martell, S. and de Boer, E. Wylie and Asplund, M. and Keller, S. and Sharma, S. and Zucker, D. B. and Zwitter, T. and Anguiano, B. and Bacigalupo, C. and Bayliss, D. and Beavis, M. A. and Bergemann, M. and Campbell, S. and Cannon, R. and Carollo, D. and Casagrande, L. and Casey, A. R. and Da Costa, G. and D'Orazi, V. and Dotter, A. and Duong, L. and Heger, A. and Ireland, M. J. and Kafle, P. R. and Kos, J. and Lattanzio, J. and Lewis, G. F. and Lin, J. and Lind, K. and Munari, U. and Nataf, D. M. and O'Toole, S. and Parker, Q. and Reid, W. and Schlesinger, K. J. and Sheinis, A. and Simpson, J. D. and Stello, D. and Ting, Y.-S. and Traven, G. and Watson, F. and Wittenmyer, R. and Yong, D. and Žerjal, M.},
	year = {2015},
	note = {\_eprint: https://academic.oup.com/mnras/article-pdf/449/3/2604/9376648/stv327.pdf},
	pages = {2604--2617},
}


@article{keller_single_2014,
       author = {{Keller}, S.~C. and {Bessell}, M.~S. and {Frebel}, A. and {Casey}, A.~R. and {Asplund}, M. and {Jacobson}, H.~R. and {Lind}, K. and {Norris}, J.~E. and {Yong}, D. and {Heger}, A. and {Magic}, Z. and {da Costa}, G.~S. and {Schmidt}, B.~P. and {Tisserand}, P.},
        title = "{A single low-energy, iron-poor supernova as the source of metals in the star SMSS J031300.36-670839.3}",
      journal = {nature},
     keywords = {Astrophysics - Solar and Stellar Astrophysics},
         year = 2014,
        month = feb,
       volume = {506},
       number = {7489},
        pages = {463-466},
          doi = {10.1038/nature12990},
archivePrefix = {arXiv},
       eprint = {1402.1517},
 primaryClass = {astro-ph.SR},
       adsurl = {https://ui.adsabs.harvard.edu/abs/2014Natur.506..463K},
      adsnote = {Provided by the SAO/NASA Astrophysics Data System}
}



@article{nordlander_lowest_2019,
	title = {The lowest detected stellar {Fe} abundance: the halo star {SMSS} {J160540}.18-144323.1},
	volume = {488},
	issn = {0035-8711},
	shorttitle = {The lowest detected stellar {Fe} abundance},
	url = {http://adsabs.harvard.edu/abs/2019MNRAS.488L.109N},
	doi = {10.1093/mnrasl/slz109},
	abstract = {We report the discovery of SMSS J160540.18-144323.1, a new ultra 
metal-poor halo star discovered with the SkyMapper telescope. We measure
[\{Fe\}/\{H\}]= -6.2 ± 0.2 (1D LTE), the lowest ever detected
abundance of iron in a star. The star is strongly carbon-enhanced,
[\{C\}/\{Fe\}] = 3.9 ± 0.2, while other abundances are compatible
with an α-enhanced solar-like pattern with [\{Ca\}/\{Fe\}] = 0.4
± 0.2, [\{Mg\}/\{Fe\}] = 0.6 ± 0.2, [\{Ti\}/\{Fe\}] = 0.8 ±
0.2, and no significant s- or r-process enrichment, [\{Sr\}/\{Fe\}] {\textless} 0.2
and [\{Ba\}/\{Fe\}] {\textless} 1.0 (3σ limits). Population III stars
exploding as fallback supernovae may explain both the strong carbon
enhancement and the apparent lack of enhancement of odd-Z and
neutron-capture element abundances. Grids of supernova models computed
for metal-free progenitor stars yield good matches for stars of about 10
M\_⊙ imparting a low kinetic energy on the supernova ejecta, while
models for stars more massive than roughly 20 M\_⊙ are incompatible
with the observed abundance pattern.},
	urldate = {2021-01-19},
	journal = {Monthly Notices of the Royal Astronomical Society},
	author = {Nordlander, T. and Bessell, M. S. and Da Costa, G. S. and Mackey, A. D. and Asplund, M. and Casey, A. R. and Chiti, A. and Ezzeddine, R. and Frebel, A. and Lind, K. and Marino, A. F. and Murphy, S. J. and Norris, J. E. and Schmidt, B. P. and Yong, D.},
	month = sep,
	year = {2019},
	keywords = {stars: abundances, stars: individual: SMSS J160540.18-144323.1, stars: Population III},
	pages = {L109--L113},
	file = {Full Text PDF:/Users/arvdog/Zotero/storage/DB4M9ZH6/Nordlander et al. - 2019 - The lowest detected stellar Fe abundance the halo.pdf:application/pdf},
}

@article{plez_turbospectrum_2012,
	title = {Turbospectrum: {Code} for spectral synthesis},
	shorttitle = {Turbospectrum},
	url = {http://adsabs.harvard.edu/abs/2012ascl.soft05004P},
	abstract = {Turbospectrum is a 1D LTE spectrum synthesis code which covers 600 molecules, is fast with many lines, and uses the treatment of line broadening described by Barklem \& O'Mara (1998).},
	urldate = {2021-01-19},
	journal = {Astrophysics Source Code Library},
	author = {Plez, B.},
	month = may,
	year = {2012},
	keywords = {Software},
	pages = {ascl:1205.004},
}

@article{gustafsson_grid_2008,
	title = {A grid of {MARCS} model atmospheres for late-type stars - {I}. {Methods} and general properties},
	volume = {486},
	copyright = {© ESO, 2008},
	issn = {0004-6361, 1432-0746},
	url = {https://www.aanda.org/articles/aa/abs/2008/30/aa09724-08/aa09724-08.html},
	doi = {10.1051/0004-6361:200809724},
	abstract = {{\textless}i{\textgreater}Context. {\textless}i/{\textgreater}In analyses of stellar spectra and colours, and for the analysis of integrated light from galaxies, a homogeneous grid of model atmospheres of late-type stars and corresponding flux spectra is needed.{\textless}i{\textgreater}Aims. {\textless}i/{\textgreater}We construct an extensive grid of spherically-symmetric models (supplemented with plane-parallel ones for the highest surface gravities), built on up-to-date atomic and molecular data, and make it available for public use.{\textless}i{\textgreater}Methods. {\textless}i/{\textgreater}The most recent version of the MARCS program is used.{\textless}i{\textgreater}Results. {\textless}i/{\textgreater}We present a grid of about 10{\textless}sup{\textgreater}4{\textless}sup/{\textgreater} model atmospheres for stars with 2500 K {\textless}i{\textgreater}≤{\textless}i/{\textgreater} {\textless}i{\textgreater}T{\textless}i/{\textgreater}{\textless}sub{\textgreater}eff{\textless}sub/{\textgreater} {\textless}i{\textgreater}≤{\textless}i/{\textgreater} 8000 K, -1 {\textless}i{\textgreater}≤{\textless}i/{\textgreater} log {\textless}i{\textgreater}g{\textless}i/{\textgreater} = log {\textless}i{\textgreater}≤{\textless}i/{\textgreater} 5 (cgs) with various masses and radii, -5 {\textless}i{\textgreater}≤{\textless}i/{\textgreater} [Me/H] {\textless}i{\textgreater}≤{\textless}i/{\textgreater} +1, with [ {\textless}i{\textgreater}α{\textless}i/{\textgreater}/Fe] = 0.0 and 0.4 and different choices of C and N abundances. This includes “CN-cycled” models with C/N = 4.07 (solar), 1.5 and 0.5, C/O ranging from 0.09 to (normally) 5.0 to also represent stars of spectral types R, S and N, and with 1.0 {\textless}i{\textgreater}≤{\textless}i/{\textgreater} {\textless}i{\textgreater}≤{\textless}i/{\textgreater} 5 km s{\textless}sup{\textgreater}-1{\textless}sup/{\textgreater}. We also list thermodynamic quantities ({\textless}i{\textgreater}T{\textless}i/{\textgreater}, {\textless}i{\textgreater}P{\textless}i/{\textgreater}{\textless}sub{\textgreater}g{\textless}sub/{\textgreater}, {\textless}i{\textgreater}P{\textless}i/{\textgreater}{\textless}sub{\textgreater}e{\textless}sub/{\textgreater}, {\textless}i{\textgreater}ρ {\textless}i/{\textgreater}, partial pressures of molecules, etc.) and provide them on the World Wide Web, as well as calculated fluxes in approximately 108 000 wavelength points. Underlying assumptions in addition to 1D stratification (spherical or plane-parallel) include hydrostatic equilibrium, mixing-length convection and local thermodynamic equilibrium. We discuss a number of general properties of the models, in particular in relation to the effects of changing abundances, of blanketing, and of sphericity. We illustrate positive and negative feedbacks between sphericity and molecular blanketing. We compare the models with those of other available grids and find excellent agreement with plane-parallel models of Castelli \& Kurucz (if convection is treated consistently) within the overlapping parameter range. Although there are considerable departures from the spherically-symmetric NextGen models, the agreement with more recent PHOENIX models is gratifying.{\textless}i{\textgreater}Conclusions. {\textless}i/{\textgreater}The models of the grid show considerable regularities, but some interesting departures from general patterns occur for the coolest models due to the molecular opacities. We have tested a number of approximate “rules of thumb” concerning effects of blanketing and sphericity and often found them to be astonishingly accurate. Some interesting new phenomena have been discovered and explored, such as the intricate coupling between blanketing and sphericity, and the strong effects of carbon enhancement on metal-poor models. We give further details of line absorption data for molecules, as well as details of models and comparisons with observations in subsequent papers.},
	language = {en},
	number = {3},
	urldate = {2021-01-19},
	journal = {Astronomy \& Astrophysics},
	author = {Gustafsson, B. and Edvardsson, B. and Eriksson, K. and J{\o}rgensen, U. G. and Nordlund, {\AA} and Plez, B.},
	month = aug,
	year = {2008},
	note = {Number: 3
Publisher: EDP Sciences},
	pages = {951--970},
	file = {Snapshot:/Users/arvdog/Zotero/storage/E2ZCGXIZ/aa09724-08.html:text/html;Full Text PDF:/Users/arvdog/Zotero/storage/BY3QLYME/Gustafsson et al. - 2008 - A grid of MARCS model atmospheres for late-type st.pdf:application/pdf},
}

@article{buder_2020,
       author = {{Buder}, Sven and {Sharma}, Sanjib and {Kos}, Janez and {Amarsi}, Anish M. and {Nordlander}, Thomas and {Lind}, Karin and {Martell}, Sarah L. and {Asplund}, Martin and {Bland-Hawthorn}, Joss and {Casey}, Andrew R. and {De Silva}, Gayandhi M. and {D'Orazi}, Valentina and {Freeman}, Ken C. and {Hayden}, Michael R. and {Lewis}, Geraint F. and {Lin}, Jane and {Schlesinger}, Katharine. J. and {Simpson}, Jeffrey D. and {Stello}, Dennis and {Zucker}, Daniel B. and {Zwitter}, Tomaz and {Beeson}, Kevin L. and {Buck}, Tobias and {Casagrande}, Luca and {Clark}, Jake T. and {Cotar}, Klemen and {Da Costa}, Gary S. and {de Grijs}, Richard and {Feuillet}, Diane and {Horner}, Jonathan and {Khanna}, Shourya and {Kafle}, Prajwal R. and {Liu}, Fan and {Montet}, Benjamin T. and {Nandakumar}, Govind and {Nataf}, David M. and {Ness}, Melissa K. and {Spina}, Lorenzo and {Traven}, Gregor and {Tepper-Garcia}, Thor and {Ting}, Yuan-Sen and {Vogrincic}, Rok and {Wittenmyer}, Robert A. and {Zerjal}, Marusa and {the GALAH collaboration}},
        title = "{The GALAH+ Survey: Third Data Release}",
      journal = {arXiv e-prints},
     keywords = {Astrophysics - Astrophysics of Galaxies, Astrophysics - Solar and Stellar Astrophysics},
         year = 2020,
        month = nov,
          eid = {arXiv:2011.02505},
        pages = {arXiv:2011.02505},
archivePrefix = {arXiv},
       eprint = {2011.02505},
 primaryClass = {astro-ph.GA},
       adsurl = {https://ui.adsabs.harvard.edu/abs/2020arXiv201102505B},
      adsnote = {Provided by the SAO/NASA Astrophysics Data System}
}

@article{kos_2017,
       author = {{Kos}, Janez and {Lin}, Jane and {Zwitter}, Toma{\v{z}} and {{\v{Z}}erjal}, Maru{\v{s}}ka and {Sharma}, Sanjib and {Bland-Hawthorn}, Joss and {Asplund}, Martin and {Casey}, Andrew R. and {De Silva}, Gayandhi M. and {Freeman}, Ken C. and {Martell}, Sarah L. and {Simpson}, Jeffrey D. and {Schlesinger}, Katharine J. and {Zucker}, Daniel and {Anguiano}, Borja and {Bacigalupo}, Carlos and {Bedding}, Timothy R. and {Betters}, Christopher and {Da Costa}, Gary and {Duong}, Ly and {Hyde}, Elaina and {Ireland}, Michael and {Kafle}, Prajwal R. and {Leon-Saval}, Sergio and {Lewis}, Geraint F. and {Munari}, Ulisse and {Nataf}, David and {Stello}, Dennis and {Tinney}, C.~G. and {Traven}, Gregor and {Watson}, Fred and {Wittenmyer}, Robert A.},
        title = "{The GALAH survey: the data reduction pipeline}",
      journal = {\mnras},
     keywords = {atmospheric effects, instrumentation: spectrographs, methods: observational, techniques: spectroscopic, surveys, stars: atmospheres, Astrophysics - Instrumentation and Methods for Astrophysics},
         year = 2017,
        month = jan,
       volume = {464},
       number = {2},
        pages = {1259-1281},
          doi = {10.1093/mnras/stw2064},
archivePrefix = {arXiv},
       eprint = {1608.04391},
 primaryClass = {astro-ph.IM},
       adsurl = {https://ui.adsabs.harvard.edu/abs/2017MNRAS.464.1259K},
      adsnote = {Provided by the SAO/NASA Astrophysics Data System}
}

@article{amarsi_2020,
       author = {{Amarsi}, A.~M. and {Lind}, K. and {Osorio}, Y. and {Nordlander}, T. and {Bergemann}, M. and {Reggiani}, H. and {Wang}, E.~X. and {Buder}, S. and {Asplund}, M. and {Barklem}, P.~S. and {Wehrhahn}, A. and {Sk{\'u}lad{\'o}ttir}, {\'A}. and {Kobayashi}, C. and {Karakas}, A.~I. and {Gao}, X.~D. and {Bland-Hawthorn}, J. and {de Silva}, G.~M. and {Kos}, J. and {Lewis}, G.~F. and {Martell}, S.~L. and {Sharma}, S. and {Simpson}, J.~D. and {Zucker}, D.~B. and {{\v{C}}otar}, K. and {Horner}, J. and {Galah Collaboration}},
        title = "{The GALAH Survey: non-LTE departure coefficients for large spectroscopic surveys}",
      journal = {\aap},
     keywords = {atomic processes, radiative transfer, line: formation, stars: abundances, stars: atmospheres, Galaxy: abundances, Astrophysics - Solar and Stellar Astrophysics, Astrophysics - Astrophysics of Galaxies},
         year = 2020,
        month = oct,
       volume = {642},
          eid = {A62},
        pages = {A62},
          doi = {10.1051/0004-6361/202038650},
archivePrefix = {arXiv},
       eprint = {2008.09582},
 primaryClass = {astro-ph.SR},
       adsurl = {https://ui.adsabs.harvard.edu/abs/2020A&A...642A..62A},
      adsnote = {Provided by the SAO/NASA Astrophysics Data System}
}


@inproceedings{ester_density-based_1996,
	address = {Portland, Oregon},
	series = {{KDD}'96},
	title = {A {Density}-based {Algorithm} for {Discovering} {Clusters} a {Density}-based {Algorithm} for {Discovering} {Clusters} in {Large} {Spatial} {Databases} with {Noise}},
	url = {http://dl.acm.org/citation.cfm?id=3001460.3001507},
	booktitle = {Proceedings of the {Second} {International} {Conference} on {Knowledge} {Discovery} and {Data} {Mining}},
	publisher = {AAAI Press},
	author = {Ester, Martin and Kriegel, Hans-Peter and Sander, Jörg and Xu, Xiaowei},
	year = {1996},
	keywords = {arbitrary shape of clusters, clustering algorithms, efficiency on large spatial databases, handling nlj4-275oise},
	pages = {226--231}
}


@article{gaia_dr2,
       author = {{Gaia Collaboration} and {Brown}, A.~G.~A. and {Vallenari}, A. and {Prusti}, T. and {de Bruijne}, J.~H.~J. and {Babusiaux}, C. and {Bailer-Jones}, C.~A.~L. and {Biermann}, M. and {Evans}, D.~W. and {Eyer}, L. and {Jansen}, F. and {Jordi}, C. and {Klioner}, S.~A. and {Lammers}, U. and {Lindegren}, L. and {Luri}, X. and {Mignard}, F. and {Panem}, C. and {Pourbaix}, D. and {Randich}, S. and {Sartoretti}, P. and {Siddiqui}, H.~I. and {Soubiran}, C. and {van Leeuwen}, F. and {Walton}, N.~A. and {Arenou}, F. and {Bastian}, U. and {Cropper}, M. and {Drimmel}, R. and {Katz}, D. and {Lattanzi}, M.~G. and {Bakker}, J. and {Cacciari}, C. and {Casta{\~n}eda}, J. and {Chaoul}, L. and {Cheek}, N. and {De Angeli}, F. and {Fabricius}, C. and {Guerra}, R. and {Holl}, B. and {Masana}, E. and {Messineo}, R. and {Mowlavi}, N. and {Nienartowicz}, K. and {Panuzzo}, P. and {Portell}, J. and {Riello}, M. and {Seabroke}, G.~M. and {Tanga}, P. and {Th{\'e}venin}, F. and {Gracia-Abril}, G. and {Comoretto}, G. and {Garcia-Reinaldos}, M. and {Teyssier}, D. and {Altmann}, M. and {Andrae}, R. and {Audard}, M. and {Bellas-Velidis}, I. and {Benson}, K. and {Berthier}, J. and {Blomme}, R. and {Burgess}, P. and {Busso}, G. and {Carry}, B. and {Cellino}, A. and {Clementini}, G. and {Clotet}, M. and {Creevey}, O. and {Davidson}, M. and {De Ridder}, J. and {Delchambre}, L. and {Dell'Oro}, A. and {Ducourant}, C. and {Fern{\'a}ndez-Hern{\'a}ndez}, J. and {Fouesneau}, M. and {Fr{\'e}mat}, Y. and {Galluccio}, L. and {Garc{\'\i}a-Torres}, M. and {Gonz{\'a}lez-N{\'u}{\~n}ez}, J. and {Gonz{\'a}lez-Vidal}, J.~J. and {Gosset}, E. and {Guy}, L.~P. and {Halbwachs}, J. -L. and {Hambly}, N.~C. and {Harrison}, D.~L. and {Hern{\'a}ndez}, J. and {Hestroffer}, D. and {Hodgkin}, S.~T. and {Hutton}, A. and {Jasniewicz}, G. and {Jean-Antoine-Piccolo}, A. and {Jordan}, S. and {Korn}, A.~J. and {Krone-Martins}, A. and {Lanzafame}, A.~C. and {Lebzelter}, T. and {L{\"o}ffler}, W. and {Manteiga}, M. and {Marrese}, P.~M. and {Mart{\'\i}n-Fleitas}, J.~M. and {Moitinho}, A. and {Mora}, A. and {Muinonen}, K. and {Osinde}, J. and {Pancino}, E. and {Pauwels}, T. and {Petit}, J. -M. and {Recio-Blanco}, A. and {Richards}, P.~J. and {Rimoldini}, L. and {Robin}, A.~C. and {Sarro}, L.~M. and {Siopis}, C. and {Smith}, M. and {Sozzetti}, A. and {S{\"u}veges}, M. and {Torra}, J. and {van Reeven}, W. and {Abbas}, U. and {Abreu Aramburu}, A. and {Accart}, S. and {Aerts}, C. and {Altavilla}, G. and {{\'A}lvarez}, M.~A. and {Alvarez}, R. and {Alves}, J. and {Anderson}, R.~I. and {Andrei}, A.~H. and {Anglada Varela}, E. and {Antiche}, E. and {Antoja}, T. and {Arcay}, B. and {Astraatmadja}, T.~L. and {Bach}, N. and {Baker}, S.~G. and {Balaguer-N{\'u}{\~n}ez}, L. and {Balm}, P. and {Barache}, C. and {Barata}, C. and {Barbato}, D. and {Barblan}, F. and {Barklem}, P.~S. and {Barrado}, D. and {Barros}, M. and {Barstow}, M.~A. and {Bartholom{\'e} Mu{\~n}oz}, S. and {Bassilana}, J. -L. and {Becciani}, U. and {Bellazzini}, M. and {Berihuete}, A. and {Bertone}, S. and {Bianchi}, L. and {Bienaym{\'e}}, O. and {Blanco-Cuaresma}, S. and {Boch}, T. and {Boeche}, C. and {Bombrun}, A. and {Borrachero}, R. and {Bossini}, D. and {Bouquillon}, S. and {Bourda}, G. and {Bragaglia}, A. and {Bramante}, L. and {Breddels}, M.~A. and {Bressan}, A. and {Brouillet}, N. and {Br{\"u}semeister}, T. and {Brugaletta}, E. and {Bucciarelli}, B. and {Burlacu}, A. and {Busonero}, D. and {Butkevich}, A.~G. and {Buzzi}, R. and {Caffau}, E. and {Cancelliere}, R. and {Cannizzaro}, G. and {Cantat-Gaudin}, T. and {Carballo}, R. and {Carlucci}, T. and {Carrasco}, J.~M. and {Casamiquela}, L. and {Castellani}, M. and {Castro-Ginard}, A. and {Charlot}, P. and {Chemin}, L. and {Chiavassa}, A. and {Cocozza}, G. and {Costigan}, G. and {Cowell}, S. and {Crifo}, F. and {Crosta}, M. and {Crowley}, C. and {Cuypers}, J. and {Dafonte}, C. and {Damerdji}, Y. and {Dapergolas}, A. and {David}, P. and {David}, M. and {de Laverny}, P. and {De Luise}, F. and {De March}, R. and {de Martino}, D. and {de Souza}, R. and {de Torres}, A. and {Debosscher}, J. and {del Pozo}, E. and {Delbo}, M. and {Delgado}, A. and {Delgado}, H.~E. and {Di Matteo}, P. and {Diakite}, S. and {Diener}, C. and {Distefano}, E. and {Dolding}, C. and {Drazinos}, P. and {Dur{\'a}n}, J. and {Edvardsson}, B. and {Enke}, H. and {Eriksson}, K. and {Esquej}, P. and {Eynard Bontemps}, G. and {Fabre}, C. and {Fabrizio}, M. and {Faigler}, S. and {Falc{\~a}o}, A.~J. and {Farr{\`a}s Casas}, M. and {Federici}, L. and {Fedorets}, G. and {Fernique}, P. and {Figueras}, F. and {Filippi}, F. and {Findeisen}, K. and {Fonti}, A. and {Fraile}, E. and {Fraser}, M. and {Fr{\'e}zouls}, B. and {Gai}, M. and {Galleti}, S. and {Garabato}, D. and {Garc{\'\i}a-Sedano}, F. and {Garofalo}, A. and {Garralda}, N. and {Gavel}, A. and {Gavras}, P. and {Gerssen}, J. and {Geyer}, R. and {Giacobbe}, P. and {Gilmore}, G. and {Girona}, S. and {Giuffrida}, G. and {Glass}, F. and {Gomes}, M. and {Granvik}, M. and {Gueguen}, A. and {Guerrier}, A. and {Guiraud}, J. and {Guti{\'e}rrez-S{\'a}nchez}, R. and {Haigron}, R. and {Hatzidimitriou}, D. and {Hauser}, M. and {Haywood}, M. and {Heiter}, U. and {Helmi}, A. and {Heu}, J. and {Hilger}, T. and {Hobbs}, D. and {Hofmann}, W. and {Holland}, G. and {Huckle}, H.~E. and {Hypki}, A. and {Icardi}, V. and {Jan{\ss}en}, K. and {Jevardat de Fombelle}, G. and {Jonker}, P.~G. and {Juh{\'a}sz}, {\'A}. L. and {Julbe}, F. and {Karampelas}, A. and {Kewley}, A. and {Klar}, J. and {Kochoska}, A. and {Kohley}, R. and {Kolenberg}, K. and {Kontizas}, M. and {Kontizas}, E. and {Koposov}, S.~E. and {Kordopatis}, G. and {Kostrzewa-Rutkowska}, Z. and {Koubsky}, P. and {Lambert}, S. and {Lanza}, A.~F. and {Lasne}, Y. and {Lavigne}, J. -B. and {Le Fustec}, Y. and {Le Poncin-Lafitte}, C. and {Lebreton}, Y. and {Leccia}, S. and {Leclerc}, N. and {Lecoeur-Taibi}, I. and {Lenhardt}, H. and {Leroux}, F. and {Liao}, S. and {Licata}, E. and {Lindstr{\o}m}, H.~E.~P. and {Lister}, T.~A. and {Livanou}, E. and {Lobel}, A. and {L{\'o}pez}, M. and {Managau}, S. and {Mann}, R.~G. and {Mantelet}, G. and {Marchal}, O. and {Marchant}, J.~M. and {Marconi}, M. and {Marinoni}, S. and {Marschalk{\'o}}, G. and {Marshall}, D.~J. and {Martino}, M. and {Marton}, G. and {Mary}, N. and {Massari}, D. and {Matijevi{\v{c}}}, G. and {Mazeh}, T. and {McMillan}, P.~J. and {Messina}, S. and {Michalik}, D. and {Millar}, N.~R. and {Molina}, D. and {Molinaro}, R. and {Moln{\'a}r}, L. and {Montegriffo}, P. and {Mor}, R. and {Morbidelli}, R. and {Morel}, T. and {Morris}, D. and {Mulone}, A.~F. and {Muraveva}, T. and {Musella}, I. and {Nelemans}, G. and {Nicastro}, L. and {Noval}, L. and {O'Mullane}, W. and {Ord{\'e}novic}, C. and {Ord{\'o}{\~n}ez-Blanco}, D. and {Osborne}, P. and {Pagani}, C. and {Pagano}, I. and {Pailler}, F. and {Palacin}, H. and {Palaversa}, L. and {Panahi}, A. and {Pawlak}, M. and {Piersimoni}, A.~M. and {Pineau}, F. -X. and {Plachy}, E. and {Plum}, G. and {Poggio}, E. and {Poujoulet}, E. and {Pr{\v{s}}a}, A. and {Pulone}, L. and {Racero}, E. and {Ragaini}, S. and {Rambaux}, N. and {Ramos-Lerate}, M. and {Regibo}, S. and {Reyl{\'e}}, C. and {Riclet}, F. and {Ripepi}, V. and {Riva}, A. and {Rivard}, A. and {Rixon}, G. and {Roegiers}, T. and {Roelens}, M. and {Romero-G{\'o}mez}, M. and {Rowell}, N. and {Royer}, F. and {Ruiz-Dern}, L. and {Sadowski}, G. and {Sagrist{\`a} Sell{\'e}s}, T. and {Sahlmann}, J. and {Salgado}, J. and {Salguero}, E. and {Sanna}, N. and {Santana-Ros}, T. and {Sarasso}, M. and {Savietto}, H. and {Schultheis}, M. and {Sciacca}, E. and {Segol}, M. and {Segovia}, J.~C. and {S{\'e}gransan}, D. and {Shih}, I. -C. and {Siltala}, L. and {Silva}, A.~F. and {Smart}, R.~L. and {Smith}, K.~W. and {Solano}, E. and {Solitro}, F. and {Sordo}, R. and {Soria Nieto}, S. and {Souchay}, J. and {Spagna}, A. and {Spoto}, F. and {Stampa}, U. and {Steele}, I.~A. and {Steidelm{\"u}ller}, H. and {Stephenson}, C.~A. and {Stoev}, H. and {Suess}, F.~F. and {Surdej}, J. and {Szabados}, L. and {Szegedi-Elek}, E. and {Tapiador}, D. and {Taris}, F. and {Tauran}, G. and {Taylor}, M.~B. and {Teixeira}, R. and {Terrett}, D. and {Teyssandier}, P. and {Thuillot}, W. and {Titarenko}, A. and {Torra Clotet}, F. and {Turon}, C. and {Ulla}, A. and {Utrilla}, E. and {Uzzi}, S. and {Vaillant}, M. and {Valentini}, G. and {Valette}, V. and {van Elteren}, A. and {Van Hemelryck}, E. and {van Leeuwen}, M. and {Vaschetto}, M. and {Vecchiato}, A. and {Veljanoski}, J. and {Viala}, Y. and {Vicente}, D. and {Vogt}, S. and {von Essen}, C. and {Voss}, H. and {Votruba}, V. and {Voutsinas}, S. and {Walmsley}, G. and {Weiler}, M. and {Wertz}, O. and {Wevers}, T. and {Wyrzykowski}, {\L}. and {Yoldas}, A. and {{\v{Z}}erjal}, M. and {Ziaeepour}, H. and {Zorec}, J. and {Zschocke}, S. and {Zucker}, S. and {Zurbach}, C. and {Zwitter}, T.},
        title = "{Gaia Data Release 2. Summary of the contents and survey properties}",
      journal = {\aap},
     keywords = {catalogs, astrometry, techniques: radial velocities, stars: fundamental parameters, stars: variables: general, minor planets, asteroids: general, Astrophysics - Astrophysics of Galaxies, Astrophysics - Instrumentation and Methods for Astrophysics},
         year = 2018,
        month = aug,
       volume = {616},
          eid = {A1},
        pages = {A1},
          doi = {10.1051/0004-6361/201833051},
archivePrefix = {arXiv},
       eprint = {1804.09365},
 primaryClass = {astro-ph.GA},
       adsurl = {https://ui.adsabs.harvard.edu/abs/2018A&A...616A...1G},
      adsnote = {Provided by the SAO/NASA Astrophysics Data System}
}


%star 1
@ARTICLE{2012MNRAS.427.1153S,
       author = {{Simpson}, Jeffrey D. and {Cottrell}, P.~L. and {Worley}, C.~C.},
        title = "{Spectral matching for abundances and clustering analysis of stars on the giant branches of {\ensuremath{\omega}} Centauri}",
      journal = {\mnras},
     keywords = {stars: abundances, stars: AGB and post-AGB, globular clusters: individual: {\ensuremath{\omega}} Centauri (NGC 5139), Astrophysics - Solar and Stellar Astrophysics},
         year = 2012,
        month = dec,
       volume = {427},
       number = {2},
        pages = {1153-1167},
          doi = {10.1111/j.1365-2966.2012.22012.x},
archivePrefix = {arXiv},
       eprint = {1209.0495},
 primaryClass = {astro-ph.SR},
       adsurl = {https://ui.adsabs.harvard.edu/abs/2012MNRAS.427.1153S},
      adsnote = {Provided by the SAO/NASA Astrophysics Data System}
}

@article{Yong_2012,
	doi = {10.1088/0004-637x/762/1/26},
	url = {https://doi.org/10.1088/0004-637x/762/1/26},
	year = 2012,
	month = {dec},
	publisher = {American Astronomical Society},
	volume = {762},
	number = {1},
	pages = {26},
	author = {David Yong and John E. Norris and M. S. Bessell and N. Christlieb and M. Asplund and Timothy C. Beers and P. S. Barklem and Anna Frebel and S. G. Ryan},
	title = {{THE} {MOST} {METAL}-{POOR} {STARS}. {II}. {CHEMICAL} {ABUNDANCES} {OF} 190 {METAL}-{POOR} {STARS} {INCLUDING} 10 {NEW} {STARS} {WITH} [Fe/H] $\leqslant$ {\textendash}3.5, ,},
	journal = {The Astrophysical Journal}}


@ARTICLE{2019ApJ...870..122P,
       author = {{Placco}, Vinicius M. and {Santucci}, Rafael M. and {Beers}, Timothy C. and {Chanam{\'e}}, Julio and {Sep{\'u}lveda}, Mar{\'\i}a Paz and {Coronado}, Johanna and {Rossi}, Silvia and {Lee}, Young Sun and {Starkenburg}, Else and {Youakim}, Kris and {Barrientos}, Manuel and {Ezzeddine}, Rana and {Frebel}, Anna and {Hansen}, Terese T. and {Holmbeck}, Erika M. and {Ji}, Alexander P. and {Rasmussen}, Kaitlin C. and {Roederer}, Ian U. and {Sakari}, Charli M. and {Whitten}, Devin D.},
        title = "{The R-Process Alliance: Spectroscopic Follow-up of Low-metallicity Star Candidates from the Best \& Brightest Survey}",
      journal = {\apj},
     keywords = {Galaxy: halo, stars: abundances, stars: atmospheres, stars: carbon, stars: Population II, techniques: spectroscopic, Astrophysics - Solar and Stellar Astrophysics},
         year = 2019,
        month = jan,
       volume = {870},
       number = {2},
          eid = {122},
        pages = {122},
          doi = {10.3847/1538-4357/aaf3b9},
archivePrefix = {arXiv},
       eprint = {1811.10367},
 primaryClass = {astro-ph.SR},
       adsurl = {https://ui.adsabs.harvard.edu/abs/2019ApJ...870..122P},
      adsnote = {Provided by the SAO/NASA Astrophysics Data System}
}




@ARTICLE{2018ApJ...868..110S,
       author = {{Sakari}, Charli M. and {Placco}, Vinicius M. and {Farrell}, Elizabeth M. and {Roederer}, Ian U. and {Wallerstein}, George and {Beers}, Timothy C. and {Ezzeddine}, Rana and {Frebel}, Anna and {Hansen}, Terese and {Holmbeck}, Erika M. and {Sneden}, Christopher and {Cowan}, John J. and {Venn}, Kim A. and {Davis}, Christopher Evan and {Matijevi{\v{c}}}, Gal and {Wyse}, Rosemary F.~G. and {Bland-Hawthorn}, Joss and {Chiappini}, Cristina and {Freeman}, Kenneth C. and {Gibson}, Brad K. and {Grebel}, Eva K. and {Helmi}, Amina and {Kordopatis}, Georges and {Kunder}, Andrea and {Navarro}, Julio and {Reid}, Warren and {Seabroke}, George and {Steinmetz}, Matthias and {Watson}, Fred},
        title = "{The R-Process Alliance: First Release from the Northern Search for r-process-enhanced Metal-poor Stars in the Galactic Halo}",
      journal = {\apj},
     keywords = {Galaxy: formation, stars: abundances, stars: atmospheres, stars: fundamental parameters, Astrophysics - Solar and Stellar Astrophysics, Astrophysics - Astrophysics of Galaxies},
         year = 2018,
        month = dec,
       volume = {868},
       number = {2},
          eid = {110},
        pages = {110},
          doi = {10.3847/1538-4357/aae9df},
archivePrefix = {arXiv},
       eprint = {1809.09156},
 primaryClass = {astro-ph.SR},
       adsurl = {https://ui.adsabs.harvard.edu/abs/2018ApJ...868..110S},
      adsnote = {Provided by the SAO/NASA Astrophysics Data System}
}



@ARTICLE{1995AJ....109.2757M,
       author = {{McWilliam}, Andrew and {Preston}, George W. and {Sneden}, Christopher and {Searle}, Leonard},
        title = "{Spectroscopic Analysis of 33 of the Most Metal Poor Stars. II.}",
      journal = {\aj},
     keywords = {STARS: ABUNDANCES, STARS: CHEMICALLY PECULIAR},
         year = 1995,
        month = jun,
       volume = {109},
        pages = {2757},
          doi = {10.1086/117486},
       adsurl = {https://ui.adsabs.harvard.edu/abs/1995AJ....109.2757M},
      adsnote = {Provided by the SAO/NASA Astrophysics Data System}
}

@article{Li_2015,
	doi = {10.1088/0004-637x/798/2/110},
	url = {https://doi.org/10.1088/0004-637x/798/2/110},
	year = 2015,
	month = {jan},
	publisher = {American Astronomical Society},
	volume = {798},
	number = {2},
	pages = {110},
	author = {Hai-Ning Li and Gang Zhao and Norbert Christlieb and Liang Wang and Wei Wang and Yong Zhang and Yonghui Hou and Hailong Yuan},
	title = {{SPECTROSCOPIC} {ANALYSIS} {OF} {METAL}-{POOR} {STARS} {FROM} {LAMOST}: {EARLY} {RESULTS}},
	journal = {The Astrophysical Journal}}
	
	@article{Mardini_2019,
	doi = {10.3847/1538-4357/ab3047},
	url = {https://doi.org/10.3847/1538-4357/ab3047},
	year = 2019,
	month = {aug},
	publisher = {American Astronomical Society},
	volume = {882},
	number = {1},
	pages = {27},
	author = {Mohammad K. Mardini and Vinicius M. Placco and Ali Taani and Haining Li and Gang Zhao},
	title = {Metal-poor Stars Observed with the Automated Planet Finder Telescope. {II}. Chemodynamical Analysis of Six Low-metallicity Stars in the Halo System of the Milky Way},
	journal = {The Astrophysical Journal}}
	
	@ARTICLE{2018AA...611A..30S,
       author = {{Spite}, F. and {Spite}, M. and {Barbuy}, B. and {Bonifacio}, P. and {Caffau}, E. and {Fran{\c{c}}ois}, P.},
        title = "{Abundance patterns of the light neutron-capture elements in very and extremely metal-poor stars}",
      journal = {\aap},
     keywords = {stars: abundances, stars: population II, galaxy: halo, Astrophysics - Solar and Stellar Astrophysics},
         year = 2018,
        month = mar,
       volume = {611},
          eid = {A30},
        pages = {A30},
          doi = {10.1051/0004-6361/201732096},
archivePrefix = {arXiv},
       eprint = {1801.01304},
 primaryClass = {astro-ph.SR},
       adsurl = {https://ui.adsabs.harvard.edu/abs/2018A&A...611A..30S},
      adsnote = {Provided by the SAO/NASA Astrophysics Data System}
}
@ARTICLE{2015ApJ...807..171J,
       author = {{Jacobson}, Heather R. and {Keller}, Stefan and {Frebel}, Anna and {Casey}, Andrew R. and {Asplund}, Martin and {Bessell}, Michael S. and {Da Costa}, Gary S. and {Lind}, Karin and {Marino}, Anna F. and {Norris}, John E. and {Pe{\~n}a}, Jos{\'e} M. and {Schmidt}, Brian P. and {Tisserand}, Patrick and {Walsh}, Jennifer M. and {Yong}, David and {Yu}, Qinsi},
        title = "{High-Resolution Spectroscopic Study of Extremely Metal-Poor Star Candidates from the SkyMapper Survey}",
      journal = {\apj},
     keywords = {stars: abundances, Astrophysics - Solar and Stellar Astrophysics},
         year = 2015,
        month = jul,
       volume = {807},
       number = {2},
          eid = {171},
        pages = {171},
          doi = {10.1088/0004-637X/807/2/171},
archivePrefix = {arXiv},
       eprint = {1504.03344},
 primaryClass = {astro-ph.SR},
       adsurl = {https://ui.adsabs.harvard.edu/abs/2015ApJ...807..171J},
      adsnote = {Provided by the SAO/NASA Astrophysics Data System}
}

@ARTICLE{Piskunov2017,
       author = {{Piskunov}, Nikolai and {Valenti}, Jeff A.},
        title = "{Spectroscopy Made Easy: Evolution}",
      journal = {\aap},
     keywords = {stars: abundances, radiative transfer, stars: fundamental parameters, stars: atmospheres, techniques: spectroscopic, Astrophysics - Instrumentation and Methods for Astrophysics, Astrophysics - Solar and Stellar Astrophysics},
         year = 2017,
        month = jan,
       volume = {597},
          eid = {A16},
        pages = {A16},
          doi = {10.1051/0004-6361/201629124},
archivePrefix = {arXiv},
       eprint = {1606.06073},
 primaryClass = {astro-ph.IM},
       adsurl = {https://ui.adsabs.harvard.edu/abs/2017A&A...597A..16P},
      adsnote = {Provided by the SAO/NASA Astrophysics Data System}
}

@ARTICLE{Valenti1996,
       author = {{Valenti}, J.~A. and {Piskunov}, N.},
        title = "{Spectroscopy made easy: A new tool for fitting observations with synthetic spectra.}",
      journal = {\aaps},
     keywords = {RADIATIVE TRANSFER, METHODS: NUMERICAL, TECHNIQUES: SPECTROSCOPIC, STARS: FUNDAMENTAL PARAMETERS, SUN: FUNDAMENTAL PARAMETERS, ATOMIC DATA},
         year = 1996,
        month = sep,
       volume = {118},
        pages = {595-603},
       adsurl = {https://ui.adsabs.harvard.edu/abs/1996A&AS..118..595V},
      adsnote = {Provided by the SAO/NASA Astrophysics Data System}
}

@article{Schlaufman_2014,
	doi = {10.1088/0004-637x/797/1/13},
	url = {https://doi.org/10.1088/0004-637x/797/1/13},
	year = 2014,
	month = {nov},
	publisher = {American Astronomical Society},
	volume = {797},
	number = {1},
	pages = {13},
	author = {Kevin C. Schlaufman and Andrew R. Casey},
	title = {{THE} {BEST} {AND} {BRIGHTEST} {METAL}-{POOR} {STARS}},
	journal = {The Astrophysical Journal}}
	
@article{ mele,
	author = {{Mel\'endez, Jorge} and {Placco, Vinicius M.} and {Tucci-Maia, Marcelo} and {Ram\'{\i}rez, Iv\'an} and {Li, Ting S.} and {Perez, Gabriel}},
	title = {2MASS J18082002-5104378: The brightest (V = 11.9) ultra metal-poor star },
	DOI= "10.1051/0004-6361/201527456",
	url= "https://doi.org/10.1051/0004-6361/201527456",
	journal = {A\&A},
	year = 2016,
	volume = 585,
	pages = "L5",
	month = "",
}

@ARTICLE{2014ApJ...781...40P,
       author = {{Placco}, Vinicius M. and {Frebel}, Anna and {Beers}, Timothy C. and {Christlieb}, Norbert and {Lee}, Young Sun and {Kennedy}, Catherine R. and {Rossi}, Silvia and {Santucci}, Rafael M.},
        title = "{Metal-poor Stars Observed with the Magellan Telescope. II. Discovery of Four Stars with [Fe/H] <= -3.5}",
      journal = {\apj},
     keywords = {Galaxy: halo, stars: abundances, stars: atmospheres, stars: Population II, techniques: spectroscopic, Astrophysics - Solar and Stellar Astrophysics, Astrophysics - Astrophysics of Galaxies},
         year = 2014,
        month = jan,
       volume = {781},
       number = {1},
          eid = {40},
        pages = {40},
          doi = {10.1088/0004-637X/781/1/40},
archivePrefix = {arXiv},
       eprint = {1311.5855},
 primaryClass = {astro-ph.SR},
       adsurl = {https://ui.adsabs.harvard.edu/abs/2014ApJ...781...40P},
      adsnote = {Provided by the SAO/NASA Astrophysics Data System}
}

@article {2010AA...509A..93M,
	title = {A holistic approach to carbon-enhanced metal-poor stars},
	journal = {\aap},
	volume = {509},
	year = {2010},
	month = {jan},
	pages = {A93},
	keywords = {Astrophysics - Solar and Stellar Astrophysics, stars: abundances, stars: AGB and post-AGB, stars: Population II},
	doi = {10.1051/0004-6361/200911744},
	author = {Masseron, T. and Johnson, J.~A. and Plez, B. and van Eck, S. and Primas, F. and Goriely, S. and Jorissen, A.}
}


@ARTICLE{2005AA...439..129B,
       author = {{Barklem}, P.~S. and {Christlieb}, N. and {Beers}, T.~C. and {Hill}, V. and {Bessell}, M.~S. and {Holmberg}, J. and {Marsteller}, B. and {Rossi}, S. and {Zickgraf}, F. -J. and {Reimers}, D.},
        title = "{The Hamburg/ESO R-process enhanced star survey (HERES). II. Spectroscopic analysis of the survey sample}",
      journal = {\aap},
     keywords = {stars: abundances, stars: population II, Galaxy: abundances, Galaxy: evolution, Galaxy: halo, Astrophysics},
         year = 2005,
        month = aug,
       volume = {439},
       number = {1},
        pages = {129-151},
          doi = {10.1051/0004-6361:20052967},
archivePrefix = {arXiv},
       eprint = {astro-ph/0505050},
 primaryClass = {astro-ph},
       adsurl = {https://ui.adsabs.harvard.edu/abs/2005A&A...439..129B},
      adsnote = {Provided by the SAO/NASA Astrophysics Data System}
}


@ARTICLE{2017ApJ...835...81B,
       author = {{Beers}, Timothy C. and {Placco}, Vinicius M. and {Carollo}, Daniela and {Rossi}, Silvia and {Lee}, Young Sun and {Frebel}, Anna and {Norris}, John E. and {Dietz}, Sarah and {Masseron}, Thomas},
        title = "{Bright Metal-Poor Stars from the Hamburg/ESO Survey. II. A Chemodynamical Analysis}",
      journal = {\apj},
     keywords = {Galaxy: kinematics and dynamics, Galaxy: stellar content, stars: abundances, stars: carbon, stars: Population II, stars: kinematics and dynamics, Astrophysics - Solar and Stellar Astrophysics, Astrophysics - Astrophysics of Galaxies},
         year = 2017,
        month = jan,
       volume = {835},
       number = {1},
          eid = {81},
        pages = {81},
          doi = {10.3847/1538-4357/835/1/81},
archivePrefix = {arXiv},
       eprint = {1611.03762},
 primaryClass = {astro-ph.SR},
       adsurl = {https://ui.adsabs.harvard.edu/abs/2017ApJ...835...81B},
      adsnote = {Provided by the SAO/NASA Astrophysics Data System}
}


@ARTICLE{2010ApJS..191..352K,
       author = {{Kirby}, Evan N. and {Guhathakurta}, Puragra and {Simon}, Joshua D. and {Geha}, Marla C. and {Rockosi}, Constance M. and {Sneden}, Christopher and {Cohen}, Judith G. and {Sohn}, Sangmo Tony and {Majewski}, Steven R. and {Siegel}, Michael},
        title = "{Multi-element Abundance Measurements from Medium-resolution Spectra. II. Catalog of Stars in Milky Way Dwarf Satellite Galaxies}",
      journal = {\apjs},
     keywords = {galaxies: abundances, galaxies: dwarf, Galaxy: evolution, Local Group, Astrophysics - Galaxy Astrophysics, Astrophysics - Cosmology and Extragalactic Astrophysics},
         year = 2010,
        month = dec,
       volume = {191},
       number = {2},
        pages = {352-375},
          doi = {10.1088/0067-0049/191/2/352},
archivePrefix = {arXiv},
       eprint = {1011.4516},
 primaryClass = {astro-ph.GA},
       adsurl = {https://ui.adsabs.harvard.edu/abs/2010ApJS..191..352K},
      adsnote = {Provided by the SAO/NASA Astrophysics Data System}
}


@ARTICLE{2011ApJ...742...54H,
       author = {{Hollek}, Julie K. and {Frebel}, Anna and {Roederer}, Ian U. and {Sneden}, Christopher and {Shetrone}, Matthew and {Beers}, Timothy C. and {Kang}, Sung-ju and {Thom}, Christopher},
        title = "{The Chemical Abundances of Stars in the Halo (CASH) Project. II. A Sample of 14 Extremely Metal-poor Stars}",
      journal = {\apj},
     keywords = {Galaxy: halo, methods: data analysis, stars: abundances, stars: atmospheres, stars: Population II, Astrophysics - Astrophysics of Galaxies, Astrophysics - Solar and Stellar Astrophysics},
         year = 2011,
        month = nov,
       volume = {742},
       number = {1},
          eid = {54},
        pages = {54},
          doi = {10.1088/0004-637X/742/1/54},
archivePrefix = {arXiv},
       eprint = {1108.4422},
 primaryClass = {astro-ph.GA},
       adsurl = {https://ui.adsabs.harvard.edu/abs/2011ApJ...742...54H},
      adsnote = {Provided by the SAO/NASA Astrophysics Data System}
}


@article{Sheinis2015,
  title = {First Light Results from the {{High Efficiency}} and {{Resolution Multi}}-{{Element Spectrograph}} at the {{Anglo}}-{{Australian Telescope}}},
  author = {Sheinis, Andrew and Anguiano, Borja and Asplund, Martin and Bacigalupo, Carlos and Barden, Sam and Birchall, Michael and {Bland-Hawthorn}, Joss and Brzeski, Jurek and Cannon, Russell and Carollo, Daniela and Case, Scott and Casey, Andrew and Churilov, Vladimir and Warrick, Couch and Dean, Robert and De Silva, Gayandhi and D'Orazi, Valentina and Duong, Ly and Farrell, Tony and Fiegert, Kristin and Freeman, Kenneth and Gabriella, Frost and Gers, Luke and Goodwin, Michael and Gray, Doug and Green, Andrew and Heald, Ron and Heijmans, Jeroen and Ireland, Michael and Jones, Damien and Kafle, Prajwal and Keller, Stefan and Klauser, Urs and Kondrat, Yuriy and Kos, Janez and Lawrence, Jon and Lee, Steve and Mali, Slavko and Martell, Sarah and Mathews, Darren and Mayfield, Don and Miziarski, Stan and Muller, Rolf and Pai, Naveen and Patterson, Robert and Penny, Ed and Orr, David and Schlesinger, Katharine and Sharma, Sanjib and Shortridge, Keith and Simpson, Jeffrey and Smedley, Scott and Smith, Greg and Stafford, Darren and Staszak, Nicholas and Vuong, Minh and Waller, Lewis and {de Boer}, Elizabeth Wylie and Xavier, Pascal and Zheng, Jessica and Zhelem, Ross and Zucker, Daniel and Zwitter, Tomaz},
  year = {2015},
  month = aug,
  journal = {Journal of Astronomical Telescopes, Instruments, and Systems},
  volume = {1},
  number = {3},
  pages = {035002},
  doi = {10.1117/1.JATIS.1.3.035002}
}


@ARTICLE{2008PASJ...60.1159S,
       author = {{Suda}, Takuma and {Katsuta}, Yutaka and {Yamada}, Shimako and {Suwa}, Tamon and {Ishizuka}, Chikako and {Komiya}, Yutaka and {Sorai}, Kazuo and {Aikawa}, Masayuki and {Fujimoto}, Masayuki Y.},
        title = "{Stellar Abundances for the Galactic Archeology (SAGA) Database --- Compilation of the Characteristics of Known Extremely Metal-Poor Stars}",
      journal = {\pasj},
     keywords = {astronomical data bases: miscellaneous, stars: abundances, stars: evolution, Astrophysics},
         year = 2008,
        month = oct,
       volume = {60},
        pages = {1159},
          doi = {10.1093/pasj/60.5.1159},
archivePrefix = {arXiv},
       eprint = {0806.3697},
 primaryClass = {astro-ph},
       adsurl = {https://ui.adsabs.harvard.edu/abs/2008PASJ...60.1159S},
      adsnote = {Provided by the SAO/NASA Astrophysics Data System}
}

@ARTICLE{2017A&A...603A..19M,
       author = {{Matijevi{\v{c}}}, G. and {Chiappini}, C. and {Grebel}, E.~K. and {Wyse}, R.~F.~G. and {Zwitter}, T. and {Bienaym{\'e}}, O. and {Bland-Hawthorn}, J. and {Freeman}, K.~C. and {Gibson}, B.~K. and {Gilmore}, G. and {Helmi}, A. and {Kordopatis}, G. and {Kunder}, A. and {Munari}, U. and {Navarro}, J.~F. and {Parker}, Q.~A. and {Reid}, W. and {Seabroke}, G. and {Siviero}, A. and {Steinmetz}, M. and {Watson}, F.},
        title = "{Very metal-poor stars observed by the RAVE survey}",
      journal = {\aap},
     keywords = {Galaxy: abundances, stars: abundances, methods: data analysis, Astrophysics - Solar and Stellar Astrophysics, Astrophysics - Astrophysics of Galaxies},
         year = 2017,
        month = jul,
       volume = {603},
          eid = {A19},
        pages = {A19},
          doi = {10.1051/0004-6361/201730417},
archivePrefix = {arXiv},
       eprint = {1704.05695},
 primaryClass = {astro-ph.SR},
       adsurl = {https://ui.adsabs.harvard.edu/abs/2017A&A...603A..19M},
      adsnote = {Provided by the SAO/NASA Astrophysics Data System}
}

@ARTICLE{2017MNRAS.472.2517J,
       author = {{Jofr{\'e}}, P. and {Traven}, G. and {Hawkins}, K. and {Gilmore}, G. and {Sanders}, J.~L. and {M{\"a}dler}, T. and {Steinmetz}, M. and {Kunder}, A. and {Kordopatis}, G. and {McMillan}, P. and {Bienaym{\'e}}, O. and {Bland-Hawthorn}, J. and {Gibson}, B.~K. and {Grebel}, E.~K. and {Munari}, U. and {Navarro}, J. and {Parker}, Q. and {Reid}, W. and {Seabroke}, G. and {Zwitter}, T.},
        title = "{Climbing the cosmic ladder with stellar twins in RAVE with Gaia}",
      journal = {\mnras},
     keywords = {methods: statistical, techniques: spectroscopic, stars: distances, Astrophysics - Solar and Stellar Astrophysics, Astrophysics - Astrophysics of Galaxies},
         year = 2017,
        month = dec,
       volume = {472},
       number = {3},
        pages = {2517-2533},
          doi = {10.1093/mnras/stx1877},
archivePrefix = {arXiv},
       eprint = {1705.11049},
 primaryClass = {astro-ph.SR},
       adsurl = {https://ui.adsabs.harvard.edu/abs/2017MNRAS.472.2517J},
      adsnote = {Provided by the SAO/NASA Astrophysics Data System}
}

@ARTICLE{2020A&A...638A.145T,
       author = {{Traven}, G. and {Feltzing}, S. and {Merle}, T. and {Van der Swaelmen}, M. and {{\v{C}}otar}, K. and {Church}, R. and {Zwitter}, T. and {Ting}, Y. -S. and {Sahlholdt}, C. and {Asplund}, M. and {Bland-Hawthorn}, J. and {De Silva}, G. and {Freeman}, K. and {Martell}, S. and {Sharma}, S. and {Zucker}, D. and {Buder}, S. and {Casey}, A. and {D'Orazi}, V. and {Kos}, J. and {Lewis}, G. and {Lin}, J. and {Lind}, K. and {Simpson}, J. and {Stello}, D. and {Munari}, U. and {Wittenmyer}, R.~A.},
        title = "{The GALAH survey: multiple stars and our Galaxy. I. A comprehensive method for deriving properties of FGK binary stars}",
      journal = {\aap},
     keywords = {methods: data analysis, techniques: radial velocities, catalogs, stars: statistics, binaries: spectroscopic, Astrophysics - Solar and Stellar Astrophysics, Astrophysics - Astrophysics of Galaxies, 85-XX},
         year = 2020,
        month = jun,
       volume = {638},
          eid = {A145},
        pages = {A145},
          doi = {10.1051/0004-6361/202037484},
archivePrefix = {arXiv},
       eprint = {2005.00014},
 primaryClass = {astro-ph.SR},
       adsurl = {https://ui.adsabs.harvard.edu/abs/2020A&A...638A.145T},
      adsnote = {Provided by the SAO/NASA Astrophysics Data System}
}


@ARTICLE{2018A&A...619A.125A,
       author = {{Anders}, F. and {Chiappini}, C. and {Santiago}, B.~X. and {Matijevi{\v{c}}}, G. and {Queiroz}, A.~B. and {Steinmetz}, M. and {Guiglion}, G.},
        title = "{Dissecting stellar chemical abundance space with t-SNE}",
      journal = {\aap},
     keywords = {solar neighborhood, Galaxy: abundances, Galaxy: disk, Galaxy: stellar content, stars: abundances, Astrophysics - Astrophysics of Galaxies, Astrophysics - Solar and Stellar Astrophysics},
         year = 2018,
        month = nov,
       volume = {619},
          eid = {A125},
        pages = {A125},
          doi = {10.1051/0004-6361/201833099},
archivePrefix = {arXiv},
       eprint = {1803.09341},
 primaryClass = {astro-ph.GA},
       adsurl = {https://ui.adsabs.harvard.edu/abs/2018A&A...619A.125A},
      adsnote = {Provided by the SAO/NASA Astrophysics Data System}
}

@ARTICLE{2018MNRAS.473.4612K,
       author = {{Kos}, Janez and {Bland-Hawthorn}, Joss and {Freeman}, Ken and {Buder}, Sven and {Traven}, Gregor and {De Silva}, Gayandhi M. and {Sharma}, Sanjib and {Asplund}, Martin and {Duong}, Ly and {Lin}, Jane and {Lind}, Karin and {Martell}, Sarah and {Simpson}, Jeffrey D. and {Stello}, Dennis and {Zucker}, Daniel B. and {Zwitter}, Toma{\v{z}} and {Anguiano}, Borja and {Da Costa}, Gary and {D'Orazi}, Valentina and {Horner}, Jonathan and {Kafle}, Prajwal R. and {Lewis}, Geraint and {Munari}, Ulisse and {Nataf}, David M. and {Ness}, Melissa and {Reid}, Warren and {Schlesinger}, Katie and {Ting}, Yuan-Sen and {Wyse}, Rosemary},
        title = "{The GALAH survey: chemical tagging of star clusters and new members in the Pleiades}",
      journal = {\mnras},
     keywords = {methods: data analysis, stars: abundances, open clusters and associations: general, open clusters and associations: individual: Pleiades, Astrophysics - Solar and Stellar Astrophysics},
         year = 2018,
        month = feb,
       volume = {473},
       number = {4},
        pages = {4612-4633},
          doi = {10.1093/mnras/stx2637},
archivePrefix = {arXiv},
       eprint = {1709.00794},
 primaryClass = {astro-ph.SR},
       adsurl = {https://ui.adsabs.harvard.edu/abs/2018MNRAS.473.4612K},
      adsnote = {Provided by the SAO/NASA Astrophysics Data System}
}

@ARTICLE{2021MNRAS.506..150B,
       author = {{Buder}, Sven and {Sharma}, Sanjib and {Kos}, Janez and {Amarsi}, Anish M. and {Nordlander}, Thomas and {Lind}, Karin and {Martell}, Sarah L. and {Asplund}, Martin and {Bland-Hawthorn}, Joss and {Casey}, Andrew R. and {de Silva}, Gayandhi M. and {D'Orazi}, Valentina and {Freeman}, Ken C. and {Hayden}, Michael R. and {Lewis}, Geraint F. and {Lin}, Jane and {Schlesinger}, Katharine J. and {Simpson}, Jeffrey D. and {Stello}, Dennis and {Zucker}, Daniel B. and {Zwitter}, Toma{\v{z}} and {Beeson}, Kevin L. and {Buck}, Tobias and {Casagrande}, Luca and {Clark}, Jake T. and {{\v{C}}otar}, Klemen and {da Costa}, Gary S. and {de Grijs}, Richard and {Feuillet}, Diane and {Horner}, Jonathan and {Kafle}, Prajwal R. and {Khanna}, Shourya and {Kobayashi}, Chiaki and {Liu}, Fan and {Montet}, Benjamin T. and {Nandakumar}, Govind and {Nataf}, David M. and {Ness}, Melissa K. and {Spina}, Lorenzo and {Tepper-Garc{\'\i}a}, Thor and {Ting}, Yuan-Sen and {Traven}, Gregor and {Vogrin{\v{c}}i{\v{c}}}, Rok and {Wittenmyer}, Robert A. and {Wyse}, Rosemary F.~G. and {{\v{Z}}erjal}, Maru{\v{s}}a and {GALAH Collaboration}},
        title = "{The GALAH+ survey: Third data release}",
      journal = {\mnras},
     keywords = {methods: data analysis, methods: observational, surveys, stars: abundances, stars: fundamental parameters, Astrophysics - Astrophysics of Galaxies, Astrophysics - Solar and Stellar Astrophysics},
         year = 2021,
        month = sep,
       volume = {506},
       number = {1},
        pages = {150-201},
          doi = {10.1093/mnras/stab1242},
archivePrefix = {arXiv},
       eprint = {2011.02505},
 primaryClass = {astro-ph.GA},
       adsurl = {https://ui.adsabs.harvard.edu/abs/2021MNRAS.506..150B},
      adsnote = {Provided by the SAO/NASA Astrophysics Data System}
}

@ARTICLE{2015ARA&A..53..631F,
       author = {{Frebel}, Anna and {Norris}, John E.},
        title = "{Near-Field Cosmology with Extremely Metal-Poor Stars}",
      journal = {\araa},
     keywords = {Astrophysics - Solar and Stellar Astrophysics, Astrophysics - Astrophysics of Galaxies},
         year = 2015,
        month = aug,
       volume = {53},
        pages = {631-688},
          doi = {10.1146/annurev-astro-082214-122423},
archivePrefix = {arXiv},
       eprint = {1501.06921},
 primaryClass = {astro-ph.SR},
       adsurl = {https://ui.adsabs.harvard.edu/abs/2015ARA&A..53..631F},
      adsnote = {Provided by the SAO/NASA Astrophysics Data System}
}

@article{Starkenburg2017,
    author = {Starkenburg, Else and Martin, Nicolas and Youakim, Kris and Aguado, David S. and Allende Prieto, Carlos and Arentsen, Anke and Bernard, Edouard J. and Bonifacio, Piercarlo and Caffau, Elisabetta and Carlberg, Raymond G. and Côté, Patrick and Fouesneau, Morgan and François, Patrick and Franke, Oliver and González Hernández, Jonay I. and Gwyn, Stephen D. J. and Hill, Vanessa and Ibata, Rodrigo A. and Jablonka, Pascale and Longeard, Nicolas and McConnachie, Alan W. and Navarro, Julio F. and Sánchez-Janssen, Rubén and Tolstoy, Eline and Venn, Kim A.},
    title = "{The Pristine survey – I. Mining the Galaxy for the most metal-poor stars}",
    journal = {Monthly Notices of the Royal Astronomical Society},
    volume = {471},
    number = {3},
    pages = {2587-2604},
    year = {2017},
    month = {05},
    abstract = "{We present the Pristine survey, a new narrow-band photometric survey focused on the metallicity-sensitive Ca H\\&amp;K lines and conducted in the Northern hemisphere with the wide-field imager MegaCam on the Canada–France–Hawaii Telescope. This paper reviews our overall survey strategy and discusses the data processing and metallicity calibration. Additionally we review the application of these data to the main aims of the survey, which are to gather a large sample of the most metal-poor stars in the Galaxy, to further characterize the faintest Milky Way satellites, and to map the (metal-poor) substructure in the Galactic halo. The current Pristine footprint comprises over 1000 deg2 in the Galactic halo ranging from b ∼ 30° to ∼78° and covers many known stellar substructures. We demonstrate that, for Sloan Digital Sky Survey (SDSS) stellar objects, we can calibrate the photometry at the 0.02-mag level. The comparison with existing spectroscopic metallicities from SDSS/Sloan Extension for Galactic Understanding and Exploration (SEGUE) and Large Sky Area Multi-Object Fiber Spectroscopic Telescope shows that, when combined with SDSS broad-band g and i photometry, we can use the CaHK photometry to infer photometric metallicities with an accuracy of ∼0.2 dex from [Fe/H] = −0.5 down to the extremely metal-poor regime ([Fe/H] \\&lt; −3.0). After the removal of various contaminants, we can efficiently select metal-poor stars and build a very complete sample with high purity. The success rate of uncovering [Fe/H]SEGUE \\&lt; −3.0 stars among [Fe/H]Pristine \\&lt; −3.0 selected stars is 24 per cent, and 85 per cent of the remaining candidates are still very metal poor ([Fe/H]\\&lt;−2.0). We further demonstrate that Pristine is well suited to identify the very rare and pristine Galactic stars with [Fe/H] \\&lt; −4.0, which can teach us valuable lessons about the early Universe.}",
    issn = {0035-8711},
    doi = {10.1093/mnras/stx1068},
    url = {https://doi.org/10.1093/mnras/stx1068},
    eprint = {https://academic.oup.com/mnras/article-pdf/471/3/2587/19496762/stx1068.pdf},
}



@ARTICLE{2017A&A...597A...6N,
       author = {{Nordlander}, T. and {Amarsi}, A.~M. and {Lind}, K. and {Asplund}, M. and {Barklem}, P.~S. and {Casey}, A.~R. and {Collet}, R. and {Leenaarts}, J.},
        title = "{3D NLTE analysis of the most iron-deficient star, SMSS0313-6708}",
      journal = {\aap},
     keywords = {radiative transfer, stars: abundances, stars: Population III, techniques: spectroscopic, supernovae: general, stars: individual: SMSS J031300.36, Astrophysics - Solar and Stellar Astrophysics},
         year = 2017,
        month = jan,
       volume = {597},
          eid = {A6},
        pages = {A6},
          doi = {10.1051/0004-6361/201629202},
archivePrefix = {arXiv},
       eprint = {1609.07416},
 primaryClass = {astro-ph.SR},
       adsurl = {https://ui.adsabs.harvard.edu/abs/2017A&A...597A...6N},
      adsnote = {Provided by the SAO/NASA Astrophysics Data System}
}

@ARTICLE{2021MNRAS.507.4102Y,
       author = {{Yong}, D. and {Da Costa}, G.~S. and {Bessell}, M.~S. and {Chiti}, A. and {Frebel}, A. and {Gao}, X. and {Lind}, K. and {Mackey}, A.~D. and {Marino}, A.~F. and {Murphy}, S.~J. and {Nordlander}, T. and {Asplund}, M. and {Casey}, A.~R. and {Kobayashi}, C. and {Norris}, J.~E. and {Schmidt}, B.~P.},
        title = "{High-resolution spectroscopic follow-up of the most metal-poor candidates from SkyMapper DR1.1}",
      journal = {\mnras},
     keywords = {stars: abundances, stars: Population II, Galaxy: abundances, early universe, Astrophysics - Astrophysics of Galaxies, Astrophysics - Solar and Stellar Astrophysics},
         year = 2021,
        month = nov,
       volume = {507},
       number = {3},
        pages = {4102-4119},
          doi = {10.1093/mnras/stab2001},
archivePrefix = {arXiv},
       eprint = {2107.06430},
 primaryClass = {astro-ph.GA},
       adsurl = {https://ui.adsabs.harvard.edu/abs/2021MNRAS.507.4102Y},
      adsnote = {Provided by the SAO/NASA Astrophysics Data System}
}

@ARTICLE{2020MNRAS.492.4986Y,
       author = {{Youakim}, K. and {Starkenburg}, E. and {Martin}, N.~F. and {Matijevi{\v{c}}}, G. and {Aguado}, D.~S. and {Allende Prieto}, C. and {Arentsen}, A. and {Bonifacio}, P. and {Carlberg}, R.~G. and {Gonz{\'a}lez Hern{\'a}ndez}, J.~I. and {Hill}, V. and {Kordopatis}, G. and {Lardo}, C. and {Navarro}, J.~F. and {Jablonka}, P. and {S{\'a}nchez Janssen}, R. and {Sestito}, F. and {Thomas}, G.~F. and {Venn}, K.},
        title = "{The Pristine Survey - VIII. The metallicity distribution function of the Milky Way halo down to the extremely metal-poor regime}",
      journal = {\mnras},
     keywords = {stars: abundances, Galaxy: abundances, Galaxy: evolution, Galaxy: formation, Galaxy: halo, galaxies: dwarf, Astrophysics - Astrophysics of Galaxies},
         year = 2020,
        month = mar,
       volume = {492},
       number = {4},
        pages = {4986-5002},
          doi = {10.1093/mnras/stz3619},
archivePrefix = {arXiv},
       eprint = {2001.04988},
 primaryClass = {astro-ph.GA},
       adsurl = {https://ui.adsabs.harvard.edu/abs/2020MNRAS.492.4986Y},
      adsnote = {Provided by the SAO/NASA Astrophysics Data System}
}

  @Book{,
    author = {Hadley Wickham},
    title = {ggplot2: Elegant Graphics for Data Analysis},
    publisher = {Springer-Verlag New York},
    year = {2016},
    isbn = {978-3-319-24277-4},
    url = {https://ggplot2.tidyverse.org},
  }
  
  
  @ARTICLE{2019MNRAS.490.5335S,
       author = {{Sharma}, Sanjib and {Stello}, Dennis and {Bland-Hawthorn}, Joss and {Hayden}, Michael R. and {Zinn}, Joel C. and {Kallinger}, Thomas and {Hon}, Marc and {Asplund}, Martin and {Buder}, Sven and {De Silva}, Gayandhi M. and {D'Orazi}, Valentina and {Freeman}, Ken and {Kos}, Janez and {Lewis}, Geraint F. and {Lin}, Jane and {Lind}, Karin and {Martell}, Sarah and {Simpson}, Jeffrey D. and {Wittenmyer}, Rob A. and {Zucker}, Daniel B. and {Zwitter}, Tomaz and {Bedding}, Timothy R. and {Chen}, Boquan and {Cotar}, Klemen and {Esdaile}, James and {Horner}, Jonathan and {Huber}, Daniel and {Kafle}, Prajwal R. and {Khanna}, Shourya and {Li}, Tanda and {Ting}, Yuan-Sen and {Nataf}, David M. and {Nordlander}, Thomas and {Saadon}, Mohd Hafiz Mohd and {Traven}, Gregor and {Wright}, Duncan and {Wyse}, Rosemary F.~G.},
        title = "{The K2-HERMES Survey: age and metallicity of the thick disc}",
      journal = {\mnras},
     keywords = {methods: data analysis, methods: numerical, Galaxy: stellar content, Galaxy: structure, Astrophysics - Astrophysics of Galaxies, Astrophysics - Solar and Stellar Astrophysics},
         year = 2019,
        month = dec,
       volume = {490},
       number = {4},
        pages = {5335-5352},
          doi = {10.1093/mnras/stz2861},
archivePrefix = {arXiv},
       eprint = {1904.12444},
 primaryClass = {astro-ph.GA},
       adsurl = {https://ui.adsabs.harvard.edu/abs/2019MNRAS.490.5335S},
      adsnote = {Provided by the SAO/NASA Astrophysics Data System}
}

@ARTICLE{2018MNRAS.473.2004S,
       author = {{Sharma}, Sanjib and {Stello}, Dennis and {Buder}, Sven and {Kos}, Janez and {Bland-Hawthorn}, Joss and {Asplund}, Martin and {Duong}, Ly and {Lin}, Jane and {Lind}, Karin and {Ness}, Melissa and {Huber}, Daniel and {Zwitter}, Tomaz and {Traven}, Gregor and {Hon}, Marc and {Kafle}, Prajwal R. and {Khanna}, Shourya and {Saddon}, Hafiz and {Anguiano}, Borja and {Casey}, Andrew R. and {Freeman}, Ken and {Martell}, Sarah and {De Silva}, Gayandhi M. and {Simpson}, Jeffrey D. and {Wittenmyer}, Rob A. and {Zucker}, Daniel B.},
        title = "{The TESS-HERMES survey data release 1: high-resolution spectroscopy of the TESS southern continuous viewing zone}",
      journal = {\mnras},
     keywords = {techniques: spectroscopic, catalogues, surveys, stars: fundamental parameters, planetary systems, Galaxy: stellar content, Astrophysics - Solar and Stellar Astrophysics, Astrophysics - Earth and Planetary Astrophysics, Astrophysics - Astrophysics of Galaxies, Astrophysics - Instrumentation and Methods for Astrophysics},
         year = 2018,
        month = jan,
       volume = {473},
       number = {2},
        pages = {2004-2019},
          doi = {10.1093/mnras/stx2582},
archivePrefix = {arXiv},
       eprint = {1707.05753},
 primaryClass = {astro-ph.SR},
       adsurl = {https://ui.adsabs.harvard.edu/abs/2018MNRAS.473.2004S},
      adsnote = {Provided by the SAO/NASA Astrophysics Data System}
}

@ARTICLE{2018AJ....155...84W,
       author = {{Wittenmyer}, Robert A. and {Sharma}, Sanjib and {Stello}, Dennis and {Buder}, Sven and {Kos}, Janez and {Asplund}, Martin and {Duong}, Ly and {Lin}, Jane and {Lind}, Karin and {Ness}, Melissa and {Zwitter}, Tomaz and {Horner}, Jonathan and {Clark}, Jake and {Kane}, Stephen R. and {Huber}, Daniel and {Bland-Hawthorn}, Joss and {Casey}, Andrew R. and {De Silva}, Gayandhi M. and {D'Orazi}, Valentina and {Freeman}, Ken and {Martell}, Sarah and {Simpson}, Jeffrey D. and {Zucker}, Daniel B. and {Anguiano}, Borja and {Casagrande}, Luca and {Esdaile}, James and {Hon}, Marc and {Ireland}, Michael and {Kafle}, Prajwal R. and {Khanna}, Shourya and {Marshall}, J.~P. and {Saddon}, Mohd Hafiz Mohd and {Traven}, Gregor and {Wright}, Duncan},
        title = "{The K2-HERMES Survey. I. Planet-candidate Properties from K2 Campaigns 1-3}",
      journal = {\aj},
     keywords = {planets and satellites: fundamental parameters, stars: fundamental parameters, techniques: spectroscopic, Astrophysics - Earth and Planetary Astrophysics, Astrophysics - Solar and Stellar Astrophysics},
         year = 2018,
        month = feb,
       volume = {155},
       number = {2},
          eid = {84},
        pages = {84},
          doi = {10.3847/1538-3881/aaa3e4},
archivePrefix = {arXiv},
       eprint = {1712.06774},
 primaryClass = {astro-ph.EP},
       adsurl = {https://ui.adsabs.harvard.edu/abs/2018AJ....155...84W},
      adsnote = {Provided by the SAO/NASA Astrophysics Data System}
}

@Manual{Rtsne,
    title = {{Rtsne}: T-Distributed Stochastic Neighbor Embedding using
      Barnes-Hut Implementation},
    author = {Jesse H. Krijthe},
    year = {2015},
    note = {R package version 0.15},
    url = {https://github.com/jkrijthe/Rtsne},
  }


@ARTICLE{4160265,  author={Hunter, John D.},  journal={Computing in Science   Engineering},   title={Matplotlib: A 2D Graphics Environment},   year={2007},  volume={9},  number={3},  pages={90-95},  doi={10.1109/MCSE.2007.55}}



@article{astropy:2013,
Adsnote = {Provided by the SAO/NASA Astrophysics Data System},
Adsurl = {http://adsabs.harvard.edu/abs/2013A%26A...558A..33A},
Archiveprefix = {arXiv},
Author = {{Astropy Collaboration} and {Robitaille}, T.~P. and {Tollerud}, E.~J. and {Greenfield}, P. and {Droettboom}, M. and {Bray}, E. and {Aldcroft}, T. and {Davis}, M. and {Ginsburg}, A. and {Price-Whelan}, A.~M. and {Kerzendorf}, W.~E. and {Conley}, A. and {Crighton}, N. and {Barbary}, K. and {Muna}, D. and {Ferguson}, H. and {Grollier}, F. and {Parikh}, M.~M. and {Nair}, P.~H. and {Unther}, H.~M. and {Deil}, C. and {Woillez}, J. and {Conseil}, S. and {Kramer}, R. and {Turner}, J.~E.~H. and {Singer}, L. and {Fox}, R. and {Weaver}, B.~A. and {Zabalza}, V. and {Edwards}, Z.~I. and {Azalee Bostroem}, K. and {Burke}, D.~J. and {Casey}, A.~R. and {Crawford}, S.~M. and {Dencheva}, N. and {Ely}, J. and {Jenness}, T. and {Labrie}, K. and {Lim}, P.~L. and {Pierfederici}, F. and {Pontzen}, A. and {Ptak}, A. and {Refsdal}, B. and {Servillat}, M. and {Streicher}, O.},
Doi = {10.1051/0004-6361/201322068},
Eid = {A33},
Eprint = {1307.6212},
Journal = {\aap},
Keywords = {methods: data analysis, methods: miscellaneous, virtual observatory tools},
Month = oct,
Pages = {A33},
Primaryclass = {astro-ph.IM},
Title = {{Astropy: A community Python package for astronomy}},
Volume = 558,
Year = 2013,
Bdsk-Url-1 = {https://dx.doi.org/10.1051/0004-6361/201322068}}

@ARTICLE{astropy:2018,
       author = {{Astropy Collaboration} and {Price-Whelan}, A.~M. and
         {Sip{\H{o}}cz}, B.~M. and {G{\"u}nther}, H.~M. and {Lim}, P.~L. and
         {Crawford}, S.~M. and {Conseil}, S. and {Shupe}, D.~L. and
         {Craig}, M.~W. and {Dencheva}, N. and {Ginsburg}, A. and {Vand
        erPlas}, J.~T. and {Bradley}, L.~D. and {P{\'e}rez-Su{\'a}rez}, D. and
         {de Val-Borro}, M. and {Aldcroft}, T.~L. and {Cruz}, K.~L. and
         {Robitaille}, T.~P. and {Tollerud}, E.~J. and {Ardelean}, C. and
         {Babej}, T. and {Bach}, Y.~P. and {Bachetti}, M. and {Bakanov}, A.~V. and
         {Bamford}, S.~P. and {Barentsen}, G. and {Barmby}, P. and
         {Baumbach}, A. and {Berry}, K.~L. and {Biscani}, F. and {Boquien}, M. and
         {Bostroem}, K.~A. and {Bouma}, L.~G. and {Brammer}, G.~B. and
         {Bray}, E.~M. and {Breytenbach}, H. and {Buddelmeijer}, H. and
         {Burke}, D.~J. and {Calderone}, G. and {Cano Rodr{\'\i}guez}, J.~L. and
         {Cara}, M. and {Cardoso}, J.~V.~M. and {Cheedella}, S. and {Copin}, Y. and
         {Corrales}, L. and {Crichton}, D. and {D'Avella}, D. and {Deil}, C. and
         {Depagne}, {\'E}. and {Dietrich}, J.~P. and {Donath}, A. and
         {Droettboom}, M. and {Earl}, N. and {Erben}, T. and {Fabbro}, S. and
         {Ferreira}, L.~A. and {Finethy}, T. and {Fox}, R.~T. and
         {Garrison}, L.~H. and {Gibbons}, S.~L.~J. and {Goldstein}, D.~A. and
         {Gommers}, R. and {Greco}, J.~P. and {Greenfield}, P. and
         {Groener}, A.~M. and {Grollier}, F. and {Hagen}, A. and {Hirst}, P. and
         {Homeier}, D. and {Horton}, A.~J. and {Hosseinzadeh}, G. and {Hu}, L. and
         {Hunkeler}, J.~S. and {Ivezi{\'c}}, {\v{Z}}. and {Jain}, A. and
         {Jenness}, T. and {Kanarek}, G. and {Kendrew}, S. and {Kern}, N.~S. and
         {Kerzendorf}, W.~E. and {Khvalko}, A. and {King}, J. and {Kirkby}, D. and
         {Kulkarni}, A.~M. and {Kumar}, A. and {Lee}, A. and {Lenz}, D. and
         {Littlefair}, S.~P. and {Ma}, Z. and {Macleod}, D.~M. and
         {Mastropietro}, M. and {McCully}, C. and {Montagnac}, S. and
         {Morris}, B.~M. and {Mueller}, M. and {Mumford}, S.~J. and {Muna}, D. and
         {Murphy}, N.~A. and {Nelson}, S. and {Nguyen}, G.~H. and
         {Ninan}, J.~P. and {N{\"o}the}, M. and {Ogaz}, S. and {Oh}, S. and
         {Parejko}, J.~K. and {Parley}, N. and {Pascual}, S. and {Patil}, R. and
         {Patil}, A.~A. and {Plunkett}, A.~L. and {Prochaska}, J.~X. and
         {Rastogi}, T. and {Reddy Janga}, V. and {Sabater}, J. and
         {Sakurikar}, P. and {Seifert}, M. and {Sherbert}, L.~E. and
         {Sherwood-Taylor}, H. and {Shih}, A.~Y. and {Sick}, J. and
         {Silbiger}, M.~T. and {Singanamalla}, S. and {Singer}, L.~P. and
         {Sladen}, P.~H. and {Sooley}, K.~A. and {Sornarajah}, S. and
         {Streicher}, O. and {Teuben}, P. and {Thomas}, S.~W. and
         {Tremblay}, G.~R. and {Turner}, J.~E.~H. and {Terr{\'o}n}, V. and
         {van Kerkwijk}, M.~H. and {de la Vega}, A. and {Watkins}, L.~L. and
         {Weaver}, B.~A. and {Whitmore}, J.~B. and {Woillez}, J. and
         {Zabalza}, V. and {Astropy Contributors}},
        title = "{The Astropy Project: Building an Open-science Project and Status of the v2.0 Core Package}",
      journal = {\aj},
     keywords = {methods: data analysis, methods: miscellaneous, methods: statistical, reference systems, Astrophysics - Instrumentation and Methods for Astrophysics},
         year = 2018,
        month = sep,
       volume = {156},
       number = {3},
          eid = {123},
        pages = {123},
          doi = {10.3847/1538-3881/aabc4f},
archivePrefix = {arXiv},
       eprint = {1801.02634},
 primaryClass = {astro-ph.IM},
       adsurl = {https://ui.adsabs.harvard.edu/abs/2018AJ....156..123A},
      adsnote = {Provided by the SAO/NASA Astrophysics Data System}
}

@ARTICLE{2012MNRAS.421.1231T,
       author = {{Ting}, Yuan-Sen and {Freeman}, Kenneth C. and {Kobayashi}, Chiaki and {De Silva}, Gayandhi M. and {Bland-Hawthorn}, Joss},
        title = "{Principal component analysis on chemical abundances spaces}",
      journal = {\mnras},
     keywords = {methods: data analysis, stars: abundances, stars: AGB and post-AGB, supernovae: general, ISM: abundances, ISM: evolution, Astrophysics - Solar and Stellar Astrophysics},
         year = 2012,
        month = apr,
       volume = {421},
       number = {2},
        pages = {1231-1255},
          doi = {10.1111/j.1365-2966.2011.20387.x},
archivePrefix = {arXiv},
       eprint = {1112.3207},
 primaryClass = {astro-ph.SR},
       adsurl = {https://ui.adsabs.harvard.edu/abs/2012MNRAS.421.1231T},
      adsnote = {Provided by the SAO/NASA Astrophysics Data System}
}

